1689 3083
0 2713 4 2737 l

0 2743 3 2760 l

401 104 447 159 L
490 118 514 158 1
557 118 592 158 Β
639 119 675 175 Ε
718 124 758 164 R
855 112 954 168 ΙΙ.
1204 129 1317 194 199·

22 173 212 230 ¹munes
246 183 428 247 patricii
448 218 473 247 ‚p
495 201 664 233 omnes
697 188 835 234 unius
860 190 1016 254 gentis
1043 228 1058 250 ‚
1109 210 1316 260 quorum
1331 215 1525 267 U·C-275·²

38 249 285 298 neminem
319 249 489 298 ducem
517 249 763 315 sperneret
789 258 1004 323 egregius
1032 261 1316 322 quibussibet
1332 271 1520 323 a.C.477.

37 315 336 379 temporibus
372 317 401 366 6
438 317 626 368 senatus
655 357 670 379 ,
722 321 856 370 ibant
880 361 895 384 ,
947 326 1082 371 unius
1121 326 1313 379 familiae

6 420 14 425 .
40 383 218 431 viribus
247 382 444 433 Veienti
477 387 662 452 populo
699 389 880 454 pestem
900 393 1191 442 minitantes.
1225 396 1315 446 Se-

27 449 273 514 quebatur
304 452 439 500 turba
457 490 469 510 ‚
502 458 696 520 propria
719 458 809 505 alia
836 475 1151 524 cognatorum
1178 462 1317 512 soda-

39 515 285 584 liumque,
315 520 430 568 nihil
477 523 717 583 medium,
761 543 850 574 nec
886 527 1018 591 spem
1043 566 1058 586 ‚
1099 547 1190 577 nec
1225 548 1317 581 cu-

27 601 141 632 ‘ram
165 622 179 645 ,
209 585 288 635 sed
321 588 550 637 immensa
580 594 740 640 omnia
769 594 1075 643 volventium
1102 598 1263 648 animo
1298 616 1315 659 ;

20 653 130 700 ·alia
152 669 185 715 7
213 656 400 718 publica
433 655 746 708 sollicitudine
779 664 981 710 excitata
1007 701 1021 720 ‚
1057 662 1228 714 favore
1258 667 1313 716 &

42 720 358 771 admiratione
377 722 591 788 stupens:
611 727 678 775 Ire
688 726 858 792 fortes,
877 728 1104 794 irefielices
1119 730 1284 796 jubent
1297 772 1314 796 ‚

25 789 237 855 >inceptis
267 806 449 839 eventus
465 810 600 857 pares
620 798 814 844 reddere:
850 796 1110 861 conficlatus
1136 802 1240 849 inde
1258 821 1314 851 ae

44 857 291 921 triumphos
313 896 330 916 ,
370 862 522 907 omnia
549 865 735 928 praemia
764 865 820 910 ab
837 863 888 927 se
906 902 924 923 ,
958 883 1107 913 omnes
1129 868 1316 918 honores

32 919 222 989 sperare.
256 925 651 977 praetereuntibus
676 930 971 996 Capitolium
993 970 1005 991 ‚
1032 952 1314 1002 arcemque,

43 991 212 1039 &valia
244 994 453 1059 templa,
476 998 704 1064 quicquid
727 999 931 1047 deorum
963 1002 1112 1049 oculis
1132 1040 1145 1062 ,
1178 1007 1316 1070 quic-

43 1058 159 1124 quid
184 1063 344 1109 animo
368 1067 574 1112 occurrit
598 1104 610 1126 ‚
644 1084 895 1132 precantur
912 1106 924 1125 ‚
946 1083 995 1116 ut
1020 1070 1140 1117 illud
1159 1090 1316 1138 agmen

36 1124 241 1192 faustum
275 1144 408 1194 atque
447 1128 573 1195 felix
614 1137 794 1182 mittant
827 1155 841 1184 .·
874 1134 1066 1200 sospites
1106 1139 1223 1188 brevi
1264 1143 1316 1190 in

38 1197 238 1260 patriam
280 1200 344 1244 ad
375 1214 582 1263 parentes
616 1204 859 1268 restituant.
906 1203 1134 1252 lncaffum
1171 1207 1315 1256 miffae

0 1291 1 1302 l
43 1278 248 1327 preces;
276 1265 453 1313 infelici
484 1269 563 1315 via
600 1285 619 1333 5
658 1271 828 1317 dextro
857 1269 978 1320 Iano
1013 1289 1163 1337 portae
1194 1273 1317 1324 Car-

43 1331 262 1379 mentalis
290 1332 526 1397 profeffl,
563 1337 622 1384 ad
656 1336 940 1386 Cremeram
982 1340 1160 1388 flumen
1198 1361 1448 1422 per-Ue,
1489 1379 1507 1397 ,.

42 1399 244 1449 veniunt
276 1415 291 1458 3
343 1403 379 1447 is
423 1420 725 1468 opportunus
762 1405 882 1454 visus
917 1407 1052 1455 locus
1095 1394 1527 1484 ςοῑηιῃυηζζ-ἴζ

45 1466 226 1515 niendo
255 1468 484 1531 praefidio.
519 1471 571 1520 L.
593 1473 809 1522 AEmilius
828 1473 941 1522 inde
960 1511 974 1533 9
1002 1476 1054 1523 &
1077 1474 1136 1525 C.
1159 1477 1313 1527 Servi·
1330 1492 1378 1534 L,
1399 1491 1528 1534 AEmi.

42 1531 135 1581 lius
166 1534 378 1584 consules
403 1536 524 1588 faffi.
566 1539 626 1587 Et
658 1541 815 1590 donec
849 1542 914 1589 nil
937 1542 1063 1591 aliud
1089 1547 1231 1610 quam
1268 1550 1384 1595 inlio
1421 1556 1478 1598 ΙΙ.

45 1602 441 1667 populationibus
489 1624 565 1656 res
615 1609 702 1657 fuit
731 1647 745 1668 ‚
788 1627 885 1657 non
936 1611 994 1658 ad
1049 1613 1514 1684 praesidiumqsser·

48 1670 202 1717 modo
252 1673 503 1720 tutandum
559 1674 692 1725 Fabii
738 1675 842 1725 satis
890 1693 1060 1739 erant,
1099 1679 1178 1729 sed
1218 1682 1431 1732 totaVlllo

47 1738 247 1803 regione
292 1741 384 1805 qua
425 1739 605 1790 Tuscus
654 1761 767 1811 ager
817 1744 1045 1795 Romano
1089 1747 1278 1812 adjacet
1306 1737 1446 1813 ,C0ff‘

49 1802 128 1852 sua
163 1820 261 1862 tuta
295 1810 487 1869 omnia,
520 1810 684 1860 infesta
714 1811 915 1861 hostiurn
937 1852 952 1872 ‚
984 1833 1215 1881 vagantes
1242 1836 1328 1884 per

50 1885 309 1938 utrumque
345 1873 526 1937 finem,
576 1878 754 1928 fecere.
802 1879 1111 1930 Intervallum
1151 1885 1329 1937 deinde

50 1938 179 1988 haud
222 1958 449 2009 magnum
493 1948 885 2012 populationibus
923 1948 1011 1998 fuit
1046 1969 1057 1998 z
1112 1953 1226 2000 dum
1273 1955 1328 2004 &

51 2029 206 2081 Partem
226 2042 246 2067 e
264 2029 382 2069 Fabia
402 2043 524 2085 gente
542 2061 552 2079 ,
575 2034 656 2083 ple'-
783 2035 806 2074 8
822 2035 984 2077 Dextro
997 2036 1118 2088 Iano]
1137 2039 1213 2081 Per
1231 2043 1328 2083 dex·

53 2088 198 2142 rosque
225 2089 377 2131 sodales
415 2094 454 2133 &
487 2095 656 2135 clientes
718 2105 822 2135 trum
859 2096 999 2139 Janum
1021 2127 1031 2147 ,
1069 2098 1149 2142 five
1193 2104 1330 2145 tranfi-

55 2148 267 2204 Fabiqrum
299 2153 424 2196 fuisse.
719 2167 801 2196 tum
820 2163 949 2211 portae'
962 2160 1242 2205 Carmentalis.
1262 2166 1328 2206 Ja-

120 2211 145 2250 6
167 2212 360 2268 Senatus]
384 2215 517 2258 Multo
535 2216 657 2271 magis
721 2233 794 2259 nus
816 2222 918 2259 enim
942 2222 1140 2263 interdurn
1162 2224 1328 2268 sumitur

58 2272 241 2325 placeret
274 2277 479 2316 exercitus.
725 2295 799 2333 pro
831 2282 1000 2335 quodam
1034 2285 1136 2338 quasi
1168 2287 1328 2330 fornice

122 2347 148 2383 7
192 2333 360 2375 Publica
387 2335 662 2391 sollicitudine
725 2356 798 2395 per
829 2357 946 2395 quem
970 2345 1033 2383 via
1053 2358 1206 2399 pateat.
1231 2350 1327 2389 Car-

61 2393 268 2447 excitata]
292 2396 470 2439 Excitata
491 2401 537 2439 ad
570 2415 662 2453 pro·
725 2405 908 2444 mentalis
940 2405 1059 2459 igitur
1086 2420 1202 2459 porta
1228 2412 1330 2451 duos

63 2454 287 2508 sequendos
306 2458 568 2508 Fabios,non
584 2463 663 2516 pti·
726 2465 858 2505 tresve
921 2468 1021 2507 tales
1078 2467 1199 2510 Ianos
1246 2470 1328 2512 five

61 2516 166 2556 vatis
198 2518 571 2570 neceffitudinibus,
597 2525 664 2564 sed
727 2526 909 2568 lranfitus
939 2528 1073 2568 habuit
1103 2543 1114 2570 ε
1145 2545 1215 2583 per
1233 2531 1330 2574 dex-

61 2575 328 2619 sollicitudine
361 2582 409 2621 ad
445 2585 665 2640 rempubli-
726 2598 832 2630 trum
859 2589 1030 2643 profe&
1057 2590 1147 2632 sunt
1172 2592 1301 2637 fabii.

64 2649 152 2691 carp
181 2639 399 2696 spediante.
