1704 3073
145 821 244 863 Dea

86 882 248 943 Egeria.

286 120 362 197 38
569 121 624 179 T
667 138 690 179 1
732 141 773 182 τ
817 141 838 182 ι
925 127 972 186 L
1073 142 1119 180 v
1166 140 1187 180 1
1237 143 1259 182 1

283 201 352 249 ta.
390 198 569 251 Clauso
612 219 705 264 eo,
730 221 878 271 quum
917 226 948 256 o
1030 206 1129 255 ium
1163 204 1295 255 circa
1322 202 1562 254 finitimo·

285 285 391 316 rum
436 267 661 321 societate
694 291 747 320 ac
782 273 1040 325 foederibus
1081 268 1302 339 jun'xisset
1334 275 1521 322 animos
1544 309 1563 334 ‚

283 334 450 402 pofitis
471 353 779 388 externorum
810 343 1124 407 periculorum
1148 344 1270 391 curis
1294 381 1308 402 ‚
1336 359 1399 390 ne
1433 357 1463 405 9
1488 342 1564 390 lu·-

283 405 583 454 xuriarentur
633 409 734 456 otio
780 412 961 470 animi5
1000 426 1122 475 quos
1161 427 1316 460 metus
1353 409 1565 458 hostium

284 471 625 539 disciplinaque
681 476 893 526 militaris
941 481 1243 527 continuerat
1288 497 1301 539 ;
1344 479 1566 526 omnium

283 543 526 606 primum,
556 559 658 590 rem
680 581 694 602 ,
725 544 786 592 ad
813 546 1165 595 multitudinem
1200 548 1474 614 imperitam
1512 544 1567 593 &

284 608 375 656 illis
415 608 582 658 seculis
634 612 803 660 rudem
834 652 849 674 ,
896 613 1264 663 efficacissimam
1293 649 1310 672 ‚
1359 615 1568 663 deorum

288 691 475 724 metum
509 676 818 741 injiciendum
850 696 973 729 ratus
1005 681 1070 731 est
1103 700 1117 743 3
1155 686 1236 748 qui
1271 700 1417 748 quum
1461 679 1570 729 des-

291 745 500 793 cendere
532 747 591 794 ad
622 750 808 796 animos
823 747 920 797 fine
941 749 1102 816 aliquo
1132 765 1415 800 commento
1436 751 1571 796 mira·

295 812 388 860 culi
421 831 522 862 non
556 813 739 882 posset,
777 815 961 865 simulat
1001 818 1085 866 fibi
1113 836 1223 867 cum
1271 817 1360 866 dea
1398 816 1571 885 Egeria

295 881 567 947 congressus
591 882 848 933 noffiiurnos
884 883 974 934 esse
996 904 1007 933 :
1031 885 1131 948 ejus
1150 886 1404 935 semonitu
1421 923 1436 945 ‚
1464 901 1572 951 quae

292 948 618 1014 acceptissima
659 952 746 1000 diis
789 950 937 1001 essent
962 990 976 1012 ,
1009 952 1137 1001 sacra
1167 952 1409 1002 instituere
1443 970 1456 1012 ;
1492 951 1572 1000 sa-

290 1018 516 1066 cerdotes
546 1017 654 1067 suos
691 1021 862 1087 cuique
885 1021 1088 1069 deorum
1113 1021 1380 1086 praeficere.
1406 1020 1573 1086 Atque

290 1087 513 1136 omnium
542 1089 776 1153 primum,
822 1105 842 1134 1
875 1088 935 1137 ad
969 1088 1153 1137 cursum
1185 1090 1341 1149 lunae,
1376 1090 1422 1136 in
1451 1088 1575 1136 duo·

353 1193 380 1233 9
403 1181 744 1237 Luxuriareneur]
775 1183 821 1222 In
846 1183 902 1222 fe·

291 1243 447 1284 rociam
482 1243 523 1283 &
551 1245 753 1285 licentiam
775 1243 904 1285 effun-

294 1305 505 1345 derentur.

362 1379 380 1406 1
407 1367 473 1405 Ad
493 1364 640 1421 cursum
662 1368 760 1408 luna:
784 1368 801 1420 ]
836 1367 904 1408 De

294 1441 402 1468 anno
426 1428 612 1469 Romano
631 1431 716 1468 haec
737 1429 822 1470 fere
839 1430 907 1468 ha-

294 1491 367 1532 bet
411 1489 601 1530 Macrob.
638 1491 652 1530 1
700 1491 907 1533 Saturnal.

295 1566 416 1607 capp.
460 1563 544 1599 12,
575 1563 622 1604 13
653 1552 692 1594 ὃ(
734 1554 907 1602 14,Αη·

294 1629 369 1656 nus
407 1628 430 1654 a
471 1613 652 1654 Romulo
701 1616 908 1655 ordinatus

295 1675 434 1717 habuit
455 1677 609 1717 menses
629 1676 768 1717 decem
787 1705 798 1725 ,
823 1677 909 1718 dies

294 1749 471 1793 quatuor
503 1739 546 1778 &
575 1748 801 1794 trecentos.
829 1739 910 1779 Sed

297 1814 420 1855 quum
457 1799 520 1840 hic
551 1814 742 1842 numerus
776 1814 909 1855 neque

299 1862 394 1902 solis
413 1861 567 1906 cursui,
586 1876 717 1917 neque
735 1864 837 1902 lunae
853 1877 910 1902 ra·

300 1924 480 1964 tionibus
508 1924 749 1964 conveniret
767 1952 778 1972 ,
801 1924 912 1963 iden·

301 1984 427 2025 tidem
460 1994 614 2024 rantum
643 1985 797 2025 dierum
831 1984 912 2026 fine

301 2047 388 2086 ullo
432 2044 572 2086 menfis
608 2047 769 2087 nomine
817 2045 913 2087 affu-

301 2109 516 2155 mebatur,
549 2118 738 2161 quantum
769 2109 816 2148 ad
847 2109 914 2148 de·

303 2168 452 2211 fec‘tum
498 2170 606 2209 illum
651 2170 912 2224 supplendum

306 2245 409 2286 opus
432 2225 555 2272 foret'.
586 2232 715 2271 Numa
743 2232 791 2271 ad
812 2233 914 2273 lunae

307 2293 464 2334 cursum
493 2293 531 2332 in
566 2293 779 2334 duodecim
806 2307 915 2334 men-

308 2355 370 2395 ses
400 2353 602 2409 descripfit
638 2370 783 2395 annum
809 2384 819 2402 ‚
851 2354 917 2394 ad-

308 2415 422 2471 Jeffls
455 2416 644 2459 Ianuario
674 2417 711 2456 ὃ(
740 2418 918 2456 Februa-

310 2478 372 2519 rio
389 2476 598 2518 mensibus.
616 2478 692 2518 Sed
713 2478 801 2532 quia
822 2480 917 2518 duo-

313 2540 442 2580 decim
466 2539 619 2580 menses
646 2540 804 2579 lunares
838 2555 919 2580 non

313 2600 492 2641 efficiunt
511 2600 578 2641 nisi
597 2600 683 2641 dies
710 2610 919 2642 trecentos

315 2662 598 2720 quinquaginta
629 2672 799 2719 quatuor
819 2691 831 2712 ,
854 2663 921 2704 de-

966 1182 1135 1236 suntque
1158 1184 1241 1224 dies
1274 1183 1458 1224 undecim
1483 1196 1574 1226 cum

967 1246 1186 1298 quadrante
1215 1273 1227 1293 ,
1262 1255 1306 1285 ut
1352 1246 1400 1284 ad
1437 1245 1574 1285 solaris

967 1307 1059 1345 anni
1099 1305 1218 1346 finem
1247 1307 1526 1360 »perveniatur
1558 1319 1573 1355 ;

967 1367 1043 1407 hos
1068 1366 1243 1408 refiduos
1271 1370 1382 1415 dies,
1416 1369 1539 1408 offies
1559 1395 1573 1415 ,

970 1430 1157 1482 exemplo
1174 1444 1194 1469 a
1211 1428 1369 1471 Graecis
1391 1429 1545 1483 sumpto
1565 1457 1579 1477 ,

969 1491 1255 1546 multiplicatos
1274 1523 1285 1542 ,
1309 1492 1361 1531 ita
1385 1501 1427 1531 ut
1446 1505 1590 1533 nona-.

971 1553 1078 1608 ginta
1100 1553 1183 1593 dies
1210 1551 1468 1593 efficerentur
1488 1580 1501 1600 ‚
1520 1553 1578 1594 ita

969 1629 1041 1669 per
1066 1616 1158 1655 οξὶο
1186 1629 1378 1656 annorum
1410 1615 1576 1667 spatium

972 1676 1246 1729 dispensabant
1275 1705 1286 1724 ,
1331 1687 1374 1716 ut
1412 1676 1580 1717 biennio

973 1752 1133 1793 quoque
1164 1730 1285 1778 unum
1312 1737 1486 1778 mensem
1521 1737 1584 1777 in-

973 1802 1219 1840 tercalarent
1241 1828 1252 1847 ,
1299 1799 1366 1854 qui
1413 1798 1579 1840 alternis

973 1862 1090 1901 binos
1110 1860 1354 1915 vicenosque
1374 1889 1384 1909 ,
1414 1860 1583 1902 alternis
1643 1886 1650 1888 -

974 1933 1113 1963 ternos
1147 1923 1185 1963 Sc
1220 1923 1387 1963 vicenos
1407 1922 1579 1963 habetet

977 1986 1078 2025 dies.
1106 1982 1261 2027 Verum
1289 1985 1416 2024 Numa
1460 1997 1581 2024 unum

977 2047 1080 2086 diem
1103 2060 1208 2086 anno
1228 2046 1297 2086 suo
1317 2045 1356 2085 in
1384 2046 1582 2085 honorem

977 2108 1133 2162 imparis
1159 2107 1312 2147 numeri
1343 2107 1549 2147 addiderat
1568 2118 1583 2149 Ξ

978 2170 1082 2211 unde
1095 2168 1216 2209 fiebat
1231 2197 1241 2215 ,
1261 2179 1305 2209 ut
1322 2169 1464 2209 oaavo
1485 2181 1584 2222 quo-

979 2246 1056 2285 que
1082 2246 1186 2271 anno
1218 2230 1308 2270 οέὶο
1334 2230 1586 2270 abundarent

979 2294 1081 2334 dies.
1113 2293 1171 2333 Ut
1198 2292 1288 2333 huic
1324 2291 1585 2332 incommodo

980 2364 1242 2395 occurrerent
1260 2382 1271 2400 ,
1317 2353 1441 2394 tertio
1482 2365 1587 2407 quo·

981 2430 1058 2471 que
1077 2416 1265 2456 oetennio
1283 2429 1363 2455 non
1391 2413 1587 2469 nonagin-

981 2489 1053 2529 ta,
1088 2478 1154 2518 sed
1193 2477 1260 2518 sex
1302 2477 1343 2518 &
1382 2476 1587 2530 sexaginta

982 2536 1135 2579 tantum
1168 2538 1454 2579 intercalabant
1484 2537 1588 2580 dies.

983 2601 1044 2642 Ita
1074 2612 1216 2654 quarto
1243 2601 1283 2642 ὅ(
1309 2597 1496 2653 vigesimo
1518 2598 1589 2638 de·

983 2676 1088 2704 mum
1106 2676 1210 2704 anno
1223 2689 1235 2712 ,
1261 2660 1391 2716 plenis
1411 2660 1589 2703 omniurn
