<?xml version="1.0" encoding="UTF-8"?>
<!DOCTYPE html PUBLIC "-//W3C//DTD XHTML 1.0 Transitional//EN"
    "http://www.w3.org/TR/xhtml1/DTD/xhtml1-transitional.dtd">
<html xmlns="http://www.w3.org/1999/xhtml" xml:lang="en" lang="en">
 <head>
  <title>
</title>
<meta http-equiv="Content-Type" content="text/html;charset=utf-8" />
  <meta name='ocr-system' content='tesseract 3.04.00' />
  <meta name='ocr-capabilities' content='ocr_page ocr_carea ocr_par ocr_line ocrx_word'/>
</head>
<body>
  <div class='ocr_page' id='page_1' title='image "./tliviipatavinihi0101livy_0503.png"; bbox 0 0 1643 3078; ppageno 0'>
   <div class='ocr_carea' id='block_1_1' title="bbox 0 175 33 3078">
    <p class='ocr_par' dir='ltr' id='par_1_1' title="bbox 0 175 33 3078">
     <span class='ocr_line' id='line_1_1' title="bbox 0 175 10 444; baseline 0 -2"><span class='ocrx_word' id='word_1_1' title='bbox 0 175 10 444; x_wconf 95' lang='lat' dir='ltr'>    </span> 
     </span>
     <span class='ocr_line' id='line_1_2' title="bbox 0 444 8 720; baseline 0 -70"><span class='ocrx_word' id='word_1_2' title='bbox 0 444 8 720; x_wconf 95' lang='lat' dir='ltr'>   </span> 
     </span>
     <span class='ocr_line' id='line_1_3' title="bbox 0 720 8 919; baseline 0 -133"><span class='ocrx_word' id='word_1_3' title='bbox 0 720 8 919; x_wconf 95' lang='lat' dir='ltr'>   </span> 
     </span>
     <span class='ocr_line' id='line_1_4' title="bbox 0 919 8 1121; baseline 0 -133"><span class='ocrx_word' id='word_1_4' title='bbox 0 919 8 1121; x_wconf 95' lang='lat' dir='ltr'>   </span> 
     </span>
     <span class='ocr_line' id='line_1_5' title="bbox 0 1121 9 1254; baseline 0 0"><span class='ocrx_word' id='word_1_5' title='bbox 0 1121 9 1254; x_wconf 95' lang='lat' dir='ltr'>  </span> 
     </span>
     <span class='ocr_line' id='line_1_6' title="bbox 0 1254 10 1519; baseline 0 -130"><span class='ocrx_word' id='word_1_6' title='bbox 0 1254 10 1519; x_wconf 95' lang='lat' dir='ltr'>    </span> 
     </span>
     <span class='ocr_line' id='line_1_7' title="bbox 0 1519 10 1595; baseline 0 1483"><span class='ocrx_word' id='word_1_7' title='bbox 0 1519 10 1595; x_wconf 95' lang='lat' dir='ltr'> </span> 
     </span>
     <span class='ocr_line' id='line_1_8' title="bbox 0 1595 10 1681; baseline 0 1397"><span class='ocrx_word' id='word_1_8' title='bbox 0 1595 10 1681; x_wconf 95' lang='lat' dir='ltr'> </span> 
     </span>
     <span class='ocr_line' id='line_1_9' title="bbox 0 1681 11 1933; baseline 0 -71"><span class='ocrx_word' id='word_1_9' title='bbox 0 1681 11 1933; x_wconf 95' lang='lat' dir='ltr'>    </span> 
     </span>
     <span class='ocr_line' id='line_1_10' title="bbox 0 1933 13 2270; baseline 0 -116"><span class='ocrx_word' id='word_1_10' title='bbox 0 1933 13 2270; x_wconf 95' lang='lat' dir='ltr'>    </span> 
     </span>
     <span class='ocr_line' id='line_1_11' title="bbox 0 2270 14 2381; baseline 0 0"><span class='ocrx_word' id='word_1_11' title='bbox 0 2270 14 2381; x_wconf 95' lang='lat' dir='ltr'>  </span> 
     </span>
     <span class='ocr_line' id='line_1_12' title="bbox 0 2381 33 3078; baseline 0 -458"><span class='ocrx_word' id='word_1_12' title='bbox 0 2381 33 3078; x_wconf 95' lang='lat' dir='ltr'>     </span> 
     </span>
    </p>
   </div>
   <div class='ocr_carea' id='block_1_2' title="bbox 15 131 1508 2306">
    <p class='ocr_par' dir='ltr' id='par_1_2' title="bbox 15 131 1508 2306">
     <span class='ocr_line' id='line_1_13' title="bbox 420 131 1299 207; baseline -0.003 -15"><span class='ocrx_word' id='word_1_13' title='bbox 420 134 466 192; x_wconf 91' lang='lat' dir='ltr'>L</span> <span class='ocrx_word' id='word_1_14' title='bbox 510 150 531 190; x_wconf 91' lang='lat'><strong>1</strong></span> <span class='ocrx_word' id='word_1_15' title='bbox 578 146 613 188; x_wconf 78' lang='lat' dir='ltr'>B</span> <span class='ocrx_word' id='word_1_16' title='bbox 663 145 696 187; x_wconf 76' lang='lat' dir='ltr'>E</span> <span class='ocrx_word' id='word_1_17' title='bbox 740 149 780 189; x_wconf 82' lang='lat' dir='ltr'>R</span> <span class='ocrx_word' id='word_1_18' title='bbox 874 131 952 189; x_wconf 82' lang='lat' dir='ltr'>V.</span> <span class='ocrx_word' id='word_1_19' title='bbox 1185 146 1299 207; x_wconf 78' lang='lat'>459</span> 
     </span>
     <span class='ocr_line' id='line_1_14' title="bbox 28 209 1505 280; baseline -0.003 -17"><span class='ocrx_word' id='word_1_20' title='bbox 28 212 152 263; x_wconf 75' lang='lat' dir='ltr'>nicie</span> <span class='ocrx_word' id='word_1_21' title='bbox 171 213 364 278; x_wconf 84' lang='lat' dir='ltr'>quando</span> <span class='ocrx_word' id='word_1_22' title='bbox 384 231 474 264; x_wconf 85' lang='lat' dir='ltr'>nec</span> <span class='ocrx_word' id='word_1_23' title='bbox 496 212 630 262; x_wconf 86' lang='lat' dir='ltr'>causa</span> <span class='ocrx_word' id='word_1_24' title='bbox 651 249 665 271; x_wconf 83' lang='lat'>‚</span> <span class='ocrx_word' id='word_1_25' title='bbox 698 228 786 261; x_wconf 88' lang='lat' dir='ltr'>nec</span> <span class='ocrx_word' id='word_1_26' title='bbox 810 209 917 260; x_wconf 85' lang='lat' dir='ltr'>finis</span> <span class='ocrx_word' id='word_1_27' title='bbox 937 211 1270 261; x_wconf 78' lang='lat' dir='ltr'>inveniebatur</span> <span class='ocrx_word' id='word_1_28' title='bbox 1285 248 1299 270; x_wconf 90' lang='lat'>‚</span> <span class='ocrx_word' id='word_1_29' title='bbox 1314 216 1505 280; x_wconf 54' lang='lat' dir='ltr'>[lc-356-</span> 
     </span>
     <span class='ocr_line' id='line_1_15' title="bbox 30 271 1506 347; baseline -0.005 -18"><span class='ocrx_word' id='word_1_30' title='bbox 30 279 137 329; x_wconf 88' lang='lat' dir='ltr'>libri</span> <span class='ocrx_word' id='word_1_31' title='bbox 175 281 398 347; x_wconf 80' lang='lat' dir='ltr'>Sibyllini</span> <span class='ocrx_word' id='word_1_32' title='bbox 436 298 495 330; x_wconf 86' lang='lat' dir='ltr'>ex</span> <span class='ocrx_word' id='word_1_33' title='bbox 544 277 945 329; x_wconf 85' lang='lat' dir='ltr'>senatusconsulto</span> <span class='ocrx_word' id='word_1_34' title='bbox 997 279 1111 327; x_wconf 87' lang='lat' dir='ltr'>aditi</span> <span class='ocrx_word' id='word_1_35' title='bbox 1157 279 1258 327; x_wconf 89' lang='lat' dir='ltr'>sunt</span> <span class='ocrx_word' id='word_1_36' title='bbox 1284 271 1506 337; x_wconf 65' lang='lat'>32.&lt;,.396‚</span> 
     </span>
     <span class='ocr_line' id='line_1_16' title="bbox 28 344 1507 414; baseline 0.001 -17"><span class='ocrx_word' id='word_1_37' title='bbox 28 344 290 397; x_wconf 89' lang='lat' dir='ltr'>Duumviri</span> <span class='ocrx_word' id='word_1_38' title='bbox 325 349 458 397; x_wconf 81' lang='lat' dir='ltr'>sacris</span> <span class='ocrx_word' id='word_1_39' title='bbox 484 347 716 397; x_wconf 84' lang='lat' dir='ltr'>faciundis</span> <span class='ocrx_word' id='word_1_40' title='bbox 745 384 761 406; x_wconf 86' lang='lat'>‚</span> <span class='ocrx_word' id='word_1_41' title='bbox 805 360 825 409; x_wconf 87' lang='lat'>5</span> <span class='ocrx_word' id='word_1_42' title='bbox 865 344 1148 394; x_wconf 72' lang='lat' dir='ltr'>leffisternio</span> <span class='ocrx_word' id='word_1_43' title='bbox 1182 347 1507 414; x_wconf 63' lang='lat' dir='ltr'>tuncLeezistes·</span> 
     </span>
     <span class='ocr_line' id='line_1_17' title="bbox 28 412 1508 481; baseline -0.004 -20"><span class='ocrx_word' id='word_1_44' title='bbox 28 416 238 481; x_wconf 70' lang='lat' dir='ltr'>primum</span> <span class='ocrx_word' id='word_1_45' title='bbox 271 418 320 464; x_wconf 87' lang='lat' dir='ltr'>in</span> <span class='ocrx_word' id='word_1_46' title='bbox 349 417 465 465; x_wconf 87' lang='lat' dir='ltr'>urbe</span> <span class='ocrx_word' id='word_1_47' title='bbox 497 412 867 465; x_wconf 71' lang='lat' dir='ltr'>Romana·fa&amp;o</span> <span class='ocrx_word' id='word_1_48' title='bbox 888 450 902 473; x_wconf 83' lang='lat'><strong>‚</strong></span> <span class='ocrx_word' id='word_1_49' title='bbox 942 428 1028 478; x_wconf 90' lang='lat' dir='ltr'>per</span> <span class='ocrx_word' id='word_1_50' title='bbox 1057 413 1157 461; x_wconf 88' lang='lat' dir='ltr'>dies</span> <span class='ocrx_word' id='word_1_51' title='bbox 1184 412 1508 463; x_wconf 54' lang='lat' dir='ltr'>0610niumprz÷</span> 
     </span>
     <span class='ocr_line' id='line_1_18' title="bbox 26 479 1425 549; baseline -0.003 -19"><span class='ocrx_word' id='word_1_52' title='bbox 26 481 310 547; x_wconf 87' lang='lat' dir='ltr'>Apollinem</span> <span class='ocrx_word' id='word_1_53' title='bbox 328 520 342 544; x_wconf 87' lang='lat'>‚</span> <span class='ocrx_word' id='word_1_54' title='bbox 364 483 697 549; x_wconf 81' lang='lat' dir='ltr'>Latonamque</span> <span class='ocrx_word' id='word_1_55' title='bbox 715 520 730 541; x_wconf 89' lang='lat'><strong>‚</strong></span> <span class='ocrx_word' id='word_1_56' title='bbox 760 482 811 530; x_wconf 89' lang='lat'>&amp;</span> <span class='ocrx_word' id='word_1_57' title='bbox 830 480 1037 529; x_wconf 80' lang='lat' dir='ltr'>Dianam</span> <span class='ocrx_word' id='word_1_58' title='bbox 1055 515 1070 540; x_wconf 86' lang='lat'>‚</span> <span class='ocrx_word' id='word_1_59' title='bbox 1100 479 1425 527; x_wconf 68' lang='lat' dir='ltr'>Hercu-mum·</span> 
     </span>
     <span class='ocr_line' id='line_1_19' title="bbox 26 547 1298 616; baseline -0.004 -18"><span class='ocrx_word' id='word_1_60' title='bbox 26 547 124 598; x_wconf 89' lang='lat' dir='ltr'>lem</span> <span class='ocrx_word' id='word_1_61' title='bbox 152 587 166 610; x_wconf 89' lang='lat'>‚</span> <span class='ocrx_word' id='word_1_62' title='bbox 201 549 494 600; x_wconf 82' lang='lat' dir='ltr'>Mercurium</span> <span class='ocrx_word' id='word_1_63' title='bbox 519 590 532 609; x_wconf 82' lang='lat'>‚</span> <span class='ocrx_word' id='word_1_64' title='bbox 568 567 706 616; x_wconf 85' lang='lat' dir='ltr'>atque</span> <span class='ocrx_word' id='word_1_65' title='bbox 744 549 1024 613; x_wconf 84' lang='lat' dir='ltr'>Neptunum</span> <span class='ocrx_word' id='word_1_66' title='bbox 1048 584 1062 607; x_wconf 89' lang='lat'>‚</span> <span class='ocrx_word' id='word_1_67' title='bbox 1103 547 1251 595; x_wconf 88' lang='lat' dir='ltr'>tribus</span> <span class='ocrx_word' id='word_1_68' title='bbox 1280 584 1298 606; x_wconf 83' lang='lat'><strong>‚</strong></span> 
     </span>
     <span class='ocr_line' id='line_1_20' title="bbox 27 612 1302 684; baseline -0.001 -20"><span class='ocrx_word' id='word_1_69' title='bbox 27 616 170 681; x_wconf 72' lang='lat' dir='ltr'>quam</span> <span class='ocrx_word' id='word_1_70' title='bbox 195 618 476 684; x_wconf 77' lang='lat' dir='ltr'>amplissime</span> <span class='ocrx_word' id='word_1_71' title='bbox 499 636 598 667; x_wconf 87' lang='lat' dir='ltr'>tum</span> <span class='ocrx_word' id='word_1_72' title='bbox 633 619 852 683; x_wconf 83' lang='lat' dir='ltr'>apparari</span> <span class='ocrx_word' id='word_1_73' title='bbox 890 629 1083 682; x_wconf 83' lang='lat' dir='ltr'>poterat</span> <span class='ocrx_word' id='word_1_74' title='bbox 1102 652 1117 674; x_wconf 85' lang='lat'><strong><em>‚</em></strong></span> <span class='ocrx_word' id='word_1_75' title='bbox 1147 612 1302 663; x_wconf 86' lang='lat' dir='ltr'>stratis</span> 
     </span>
     <span class='ocr_line' id='line_1_21' title="bbox 26 680 1304 751; baseline -0.002 -19"><span class='ocrx_word' id='word_1_76' title='bbox 26 683 159 732; x_wconf 67' lang='lat' dir='ltr'>leffls</span> <span class='ocrx_word' id='word_1_77' title='bbox 205 686 476 751; x_wconf 80' lang='lat' dir='ltr'>placavere.</span> <span class='ocrx_word' id='word_1_78' title='bbox 518 685 741 735; x_wconf 80' lang='lat' dir='ltr'>Privatim</span> <span class='ocrx_word' id='word_1_79' title='bbox 793 700 991 750; x_wconf 82' lang='lat' dir='ltr'>quoque</span> <span class='ocrx_word' id='word_1_80' title='bbox 1032 682 1079 730; x_wconf 84' lang='lat' dir='ltr'>id</span> <span class='ocrx_word' id='word_1_81' title='bbox 1121 680 1304 730; x_wconf 87' lang='lat' dir='ltr'>sacrum</span> 
     </span>
     <span class='ocr_line' id='line_1_22' title="bbox 26 748 1300 817; baseline -0.001 -18"><span class='ocrx_word' id='word_1_82' title='bbox 26 751 320 801; x_wconf 88' lang='lat' dir='ltr'>celebratum</span> <span class='ocrx_word' id='word_1_83' title='bbox 355 753 420 803; x_wconf 90' lang='lat' dir='ltr'>est</span> <span class='ocrx_word' id='word_1_84' title='bbox 451 771 466 813; x_wconf 79' lang='lat'><em>3</em></span> <span class='ocrx_word' id='word_1_85' title='bbox 507 753 613 803; x_wconf 68' lang='lat' dir='ltr'>tota</span> <span class='ocrx_word' id='word_1_86' title='bbox 639 753 755 801; x_wconf 87' lang='lat' dir='ltr'>urbe</span> <span class='ocrx_word' id='word_1_87' title='bbox 791 751 1064 817; x_wconf 83' lang='lat' dir='ltr'>patentibus</span> <span class='ocrx_word' id='word_1_88' title='bbox 1099 748 1250 813; x_wconf 75' lang='lat' dir='ltr'>januis</span> <span class='ocrx_word' id='word_1_89' title='bbox 1283 786 1300 810; x_wconf 92' lang='lat'><strong>,</strong></span> 
     </span>
     <span class='ocr_line' id='line_1_23' title="bbox 25 819 1302 886; baseline -0.001 -20"><span class='ocrx_word' id='word_1_90' title='bbox 25 819 395 886; x_wconf 84' lang='lat' dir='ltr'>promiscuoque</span> <span class='ocrx_word' id='word_1_91' title='bbox 436 821 515 868; x_wconf 87' lang='lat' dir='ltr'>usu</span> <span class='ocrx_word' id='word_1_92' title='bbox 558 836 714 869; x_wconf 90' lang='lat' dir='ltr'>rerum</span> <span class='ocrx_word' id='word_1_93' title='bbox 767 822 982 867; x_wconf 84' lang='lat' dir='ltr'>omnium</span> <span class='ocrx_word' id='word_1_94' title='bbox 1032 819 1079 865; x_wconf 89' lang='lat' dir='ltr'>in</span> <span class='ocrx_word' id='word_1_95' title='bbox 1117 835 1302 883; x_wconf 83' lang='lat' dir='ltr'>propa—</span> 
     </span>
     <span class='ocr_line' id='line_1_24' title="bbox 24 885 1299 954; baseline -0.001 -21"><span class='ocrx_word' id='word_1_96' title='bbox 24 886 128 934; x_wconf 88' lang='lat' dir='ltr'>tulo</span> <span class='ocrx_word' id='word_1_97' title='bbox 161 886 346 951; x_wconf 81' lang='lat' dir='ltr'>posito,</span> <span class='ocrx_word' id='word_1_98' title='bbox 375 904 521 936; x_wconf 82' lang='lat' dir='ltr'>notos</span> <span class='ocrx_word' id='word_1_99' title='bbox 558 885 844 954; x_wconf 78' lang='lat' dir='ltr'>ignotosque</span> <span class='ocrx_word' id='word_1_100' title='bbox 882 885 1045 951; x_wconf 77' lang='lat' dir='ltr'>passim</span> <span class='ocrx_word' id='word_1_101' title='bbox 1084 886 1299 934; x_wconf 84' lang='lat' dir='ltr'>advenas</span> 
     </span>
     <span class='ocr_line' id='line_1_25' title="bbox 22 952 1300 1019; baseline 0.002 -19"><span class='ocrx_word' id='word_1_102' title='bbox 22 952 72 1001; x_wconf 90' lang='lat' dir='ltr'>in</span> <span class='ocrx_word' id='word_1_103' title='bbox 103 954 361 1019; x_wconf 82' lang='lat' dir='ltr'>hospitium</span> <span class='ocrx_word' id='word_1_104' title='bbox 401 955 566 1004; x_wconf 55' lang='lat' dir='ltr'>ductos</span> <span class='ocrx_word' id='word_1_105' title='bbox 606 954 766 1003; x_wconf 88' lang='lat' dir='ltr'>ferunt</span> <span class='ocrx_word' id='word_1_106' title='bbox 805 971 816 1001; x_wconf 75' lang='grc' dir='ltr'>ε</span> <span class='ocrx_word' id='word_1_107' title='bbox 864 954 915 1002; x_wconf 86' lang='lat'>&amp;</span> <span class='ocrx_word' id='word_1_108' title='bbox 956 969 1064 1000; x_wconf 87' lang='lat' dir='ltr'>cum</span> <span class='ocrx_word' id='word_1_109' title='bbox 1097 954 1300 1003; x_wconf 87' lang='lat' dir='ltr'>inimicis</span> 
     </span>
     <span class='ocr_line' id='line_1_26' title="bbox 25 1019 1297 1087; baseline 0.001 -18"><span class='ocrx_word' id='word_1_110' title='bbox 25 1038 220 1086; x_wconf 86' lang='lat' dir='ltr'>quoque</span> <span class='ocrx_word' id='word_1_111' title='bbox 258 1024 462 1087; x_wconf 67' lang='lat' dir='ltr'>benigne</span> <span class='ocrx_word' id='word_1_112' title='bbox 491 1041 543 1070; x_wconf 84' lang='lat' dir='ltr'>ac</span> <span class='ocrx_word' id='word_1_113' title='bbox 575 1025 776 1071; x_wconf 84' lang='lat' dir='ltr'>comiter</span> <span class='ocrx_word' id='word_1_114' title='bbox 797 1020 1042 1070; x_wconf 84' lang='lat' dir='ltr'>sermones</span> <span class='ocrx_word' id='word_1_115' title='bbox 1075 1019 1297 1082; x_wconf 80' lang='lat' dir='ltr'>habitos,</span> 
     </span>
     <span class='ocr_line' id='line_1_27' title="bbox 23 1085 1297 1156; baseline 0.002 -21"><span class='ocrx_word' id='word_1_116' title='bbox 23 1085 188 1155; x_wconf 79' lang='lat' dir='ltr'>jurgiis</span> <span class='ocrx_word' id='word_1_117' title='bbox 225 1108 278 1138; x_wconf 87' lang='lat' dir='ltr'>ac</span> <span class='ocrx_word' id='word_1_118' title='bbox 312 1092 468 1138; x_wconf 82' lang='lat' dir='ltr'>litibus</span> <span class='ocrx_word' id='word_1_119' title='bbox 498 1105 821 1156; x_wconf 83' lang='lat' dir='ltr'>temperatum</span> <span class='ocrx_word' id='word_1_120' title='bbox 850 1106 861 1135; x_wconf 76' lang='lat' dir='ltr'><em>z</em></span> <span class='ocrx_word' id='word_1_121' title='bbox 896 1086 1059 1137; x_wconf 60' lang='lat' dir='ltr'>vinciis</span> <span class='ocrx_word' id='word_1_122' title='bbox 1100 1105 1297 1153; x_wconf 85' lang='lat' dir='ltr'>quoque</span> 
     </span>
     <span class='ocr_line' id='line_1_28' title="bbox 25 1154 1302 1221; baseline 0.002 -18"><span class='ocrx_word' id='word_1_123' title='bbox 25 1155 223 1221; x_wconf 86' lang='lat' dir='ltr'>dempta</span> <span class='ocrx_word' id='word_1_124' title='bbox 260 1159 306 1204; x_wconf 91' lang='lat' dir='ltr'>in</span> <span class='ocrx_word' id='word_1_125' title='bbox 352 1175 436 1206; x_wconf 91' lang='lat' dir='ltr'>eos</span> <span class='ocrx_word' id='word_1_126' title='bbox 472 1158 572 1206; x_wconf 88' lang='lat' dir='ltr'>dies</span> <span class='ocrx_word' id='word_1_127' title='bbox 611 1157 831 1211; x_wconf 72' lang='lat' dir='ltr'>vincula3</span> <span class='ocrx_word' id='word_1_128' title='bbox 865 1154 1085 1221; x_wconf 77' lang='lat' dir='ltr'>religioni</span> <span class='ocrx_word' id='word_1_129' title='bbox 1124 1156 1302 1205; x_wconf 80' lang='lat' dir='ltr'>deinde</span> 
     </span>
     <span class='ocr_line' id='line_1_29' title="bbox 23 1221 1302 1290; baseline 0 -18"><span class='ocrx_word' id='word_1_130' title='bbox 23 1222 158 1272; x_wconf 81' lang='lat' dir='ltr'>fuiffe</span> <span class='ocrx_word' id='word_1_131' title='bbox 181 1261 194 1281; x_wconf 86' lang='lat'>‚</span> <span class='ocrx_word' id='word_1_132' title='bbox 224 1225 392 1288; x_wconf 73' lang='lat' dir='ltr'>quibus</span> <span class='ocrx_word' id='word_1_133' title='bbox 425 1241 529 1273; x_wconf 91' lang='lat' dir='ltr'>eam</span> <span class='ocrx_word' id='word_1_134' title='bbox 559 1242 705 1290; x_wconf 82' lang='lat' dir='ltr'>opem</span> <span class='ocrx_word' id='word_1_135' title='bbox 732 1224 794 1271; x_wconf 85' lang='lat' dir='ltr'>dii</span> <span class='ocrx_word' id='word_1_136' title='bbox 829 1221 1035 1271; x_wconf 73' lang='lat' dir='ltr'>ruliffent</span> <span class='ocrx_word' id='word_1_137' title='bbox 1064 1258 1078 1280; x_wconf 83' lang='lat'>,</span> <span class='ocrx_word' id='word_1_138' title='bbox 1113 1224 1302 1272; x_wconf 76' lang='lat' dir='ltr'>vinciri.</span> 
     </span>
     <span class='ocr_line' id='line_1_30' title="bbox 21 1287 1298 1355; baseline -0.001 -16"><span class='ocrx_word' id='word_1_139' title='bbox 21 1287 222 1339; x_wconf 86' lang='lat' dir='ltr'>Interim</span> <span class='ocrx_word' id='word_1_140' title='bbox 252 1292 309 1338; x_wconf 85' lang='lat' dir='ltr'>ad</span> <span class='ocrx_word' id='word_1_141' title='bbox 338 1291 493 1340; x_wconf 89' lang='lat' dir='ltr'>Veios</span> <span class='ocrx_word' id='word_1_142' title='bbox 524 1306 677 1339; x_wconf 85' lang='lat' dir='ltr'>terror</span> <span class='ocrx_word' id='word_1_143' title='bbox 712 1290 960 1355; x_wconf 80' lang='lat' dir='ltr'>multiplex</span> <span class='ocrx_word' id='word_1_144' title='bbox 989 1289 1106 1346; x_wconf 80' lang='lat' dir='ltr'>fuit,</span> <span class='ocrx_word' id='word_1_145' title='bbox 1149 1290 1298 1338; x_wconf 85' lang='lat' dir='ltr'>tribus</span> 
     </span>
     <span class='ocr_line' id='line_1_31' title="bbox 21 1355 1298 1422; baseline 0 -16"><span class='ocrx_word' id='word_1_146' title='bbox 21 1357 72 1406; x_wconf 87' lang='lat' dir='ltr'>in</span> <span class='ocrx_word' id='word_1_147' title='bbox 105 1375 253 1406; x_wconf 89' lang='lat' dir='ltr'>unum</span> <span class='ocrx_word' id='word_1_148' title='bbox 290 1358 426 1407; x_wconf 90' lang='lat' dir='ltr'>bellis</span> <span class='ocrx_word' id='word_1_149' title='bbox 461 1360 648 1407; x_wconf 83' lang='lat' dir='ltr'>collatis</span> <span class='ocrx_word' id='word_1_150' title='bbox 682 1374 697 1417; x_wconf 83' lang='lat'>3</span> <span class='ocrx_word' id='word_1_151' title='bbox 747 1373 955 1422; x_wconf 81' lang='lat' dir='ltr'>namque</span> <span class='ocrx_word' id='word_1_152' title='bbox 988 1355 1166 1404; x_wconf 88' lang='lat' dir='ltr'>eodem</span> <span class='ocrx_word' id='word_1_153' title='bbox 1199 1375 1298 1422; x_wconf 89' lang='lat' dir='ltr'>quo</span> 
     </span>
     <span class='ocr_line' id='line_1_32' title="bbox 21 1425 1298 1488; baseline 0 -15"><span class='ocrx_word' id='word_1_154' title='bbox 21 1440 163 1474; x_wconf 82' lang='lat' dir='ltr'>antea</span> <span class='ocrx_word' id='word_1_155' title='bbox 186 1427 337 1474; x_wconf 87' lang='lat' dir='ltr'>modo</span> <span class='ocrx_word' id='word_1_156' title='bbox 361 1465 375 1484; x_wconf 91' lang='lat'>‚</span> <span class='ocrx_word' id='word_1_157' title='bbox 410 1428 532 1474; x_wconf 81' lang='lat' dir='ltr'>circa</span> <span class='ocrx_word' id='word_1_158' title='bbox 561 1428 857 1474; x_wconf 85' lang='lat' dir='ltr'>munimenta</span> <span class='ocrx_word' id='word_1_159' title='bbox 876 1462 891 1482; x_wconf 91' lang='lat'><strong>‚</strong></span> <span class='ocrx_word' id='word_1_160' title='bbox 927 1441 1074 1487; x_wconf 85' lang='lat' dir='ltr'>quum</span> <span class='ocrx_word' id='word_1_161' title='bbox 1095 1425 1298 1488; x_wconf 74' lang='lat' dir='ltr'>repente</span> 
     </span>
     <span class='ocr_line' id='line_1_33' title="bbox 21 1490 1299 1560; baseline -0.002 -18"><span class='ocrx_word' id='word_1_162' title='bbox 21 1491 298 1558; x_wconf 82' lang='lat' dir='ltr'>Capenates</span> <span class='ocrx_word' id='word_1_163' title='bbox 325 1493 583 1560; x_wconf 81' lang='lat' dir='ltr'>Faliscique</span> <span class='ocrx_word' id='word_1_164' title='bbox 603 1493 803 1542; x_wconf 73' lang='lat' dir='ltr'>subsidio</span> <span class='ocrx_word' id='word_1_165' title='bbox 822 1490 1086 1547; x_wconf 69' lang='lat' dir='ltr'>venissent,</span> <span class='ocrx_word' id='word_1_166' title='bbox 1115 1492 1299 1540; x_wconf 88' lang='lat' dir='ltr'>adver-</span> 
     </span>
     <span class='ocr_line' id='line_1_34' title="bbox 25 1558 1300 1628; baseline -0.002 -19"><span class='ocrx_word' id='word_1_167' title='bbox 25 1561 106 1609; x_wconf 75' lang='lat' dir='ltr'>siis</span> <span class='ocrx_word' id='word_1_168' title='bbox 143 1576 236 1609; x_wconf 89' lang='lat' dir='ltr'>tres</span> <span class='ocrx_word' id='word_1_169' title='bbox 263 1565 496 1611; x_wconf 82' lang='lat' dir='ltr'>exercitus</span> <span class='ocrx_word' id='word_1_170' title='bbox 526 1563 719 1628; x_wconf 79' lang='lat' dir='ltr'>ancipiti</span> <span class='ocrx_word' id='word_1_171' title='bbox 740 1562 905 1626; x_wconf 84' lang='lat' dir='ltr'>praelio</span> <span class='ocrx_word' id='word_1_172' title='bbox 929 1573 1191 1627; x_wconf 80' lang='lat' dir='ltr'>pugnatum</span> <span class='ocrx_word' id='word_1_173' title='bbox 1214 1558 1300 1613; x_wconf 80' lang='lat' dir='ltr'>est.</span> 
     </span>
     <span class='ocr_line' id='line_1_35' title="bbox 21 1626 1296 1693; baseline 0.001 -16"><span class='ocrx_word' id='word_1_174' title='bbox 21 1626 156 1677; x_wconf 88' lang='lat' dir='ltr'>Ante</span> <span class='ocrx_word' id='word_1_175' title='bbox 189 1631 352 1677; x_wconf 86' lang='lat' dir='ltr'>omnia</span> <span class='ocrx_word' id='word_1_176' title='bbox 381 1629 563 1693; x_wconf 79' lang='lat' dir='ltr'>adjuvit</span> <span class='ocrx_word' id='word_1_177' title='bbox 581 1631 816 1678; x_wconf 87' lang='lat' dir='ltr'>memoria</span> <span class='ocrx_word' id='word_1_178' title='bbox 840 1629 1158 1677; x_wconf 78' lang='lat' dir='ltr'>damnationis</span> <span class='ocrx_word' id='word_1_179' title='bbox 1180 1628 1296 1678; x_wconf 83' lang='lat' dir='ltr'>Ser-</span> 
     </span>
     <span class='ocr_line' id='line_1_36' title="bbox 21 1695 1296 1764; baseline 0.002 -22"><span class='ocrx_word' id='word_1_180' title='bbox 21 1697 86 1762; x_wconf 86' lang='lat' dir='ltr'>gii</span> <span class='ocrx_word' id='word_1_181' title='bbox 116 1696 167 1744; x_wconf 84' lang='lat'>&amp;</span> <span class='ocrx_word' id='word_1_182' title='bbox 216 1696 423 1763; x_wconf 76' lang='lat' dir='ltr'>virginii</span> <span class='ocrx_word' id='word_1_183' title='bbox 460 1715 473 1755; x_wconf 91' lang='lat'>;</span> <span class='ocrx_word' id='word_1_184' title='bbox 518 1700 676 1764; x_wconf 85' lang='lat' dir='ltr'>itaque</span> <span class='ocrx_word' id='word_1_185' title='bbox 726 1697 756 1747; x_wconf 90' lang='lat'><strong>6</strong></span> <span class='ocrx_word' id='word_1_186' title='bbox 797 1695 1060 1759; x_wconf 74' lang='lat' dir='ltr'>majoribus</span> <span class='ocrx_word' id='word_1_187' title='bbox 1094 1695 1250 1746; x_wconf 81' lang='lat' dir='ltr'>castris</span> <span class='ocrx_word' id='word_1_188' title='bbox 1280 1734 1296 1756; x_wconf 90' lang='lat'>,</span> 
     </span>
     <span class='ocr_line' id='line_1_37' title="bbox 19 1763 1296 1829; baseline 0 -17"><span class='ocrx_word' id='word_1_189' title='bbox 19 1763 151 1812; x_wconf 87' lang='lat' dir='ltr'>unde</span> <span class='ocrx_word' id='word_1_190' title='bbox 180 1778 317 1813; x_wconf 86' lang='lat' dir='ltr'>antea</span> <span class='ocrx_word' id='word_1_191' title='bbox 357 1763 578 1814; x_wconf 78' lang='lat' dir='ltr'>cessatum</span> <span class='ocrx_word' id='word_1_192' title='bbox 611 1763 797 1824; x_wconf 78' lang='lat' dir='ltr'>fuerat,</span> <span class='ocrx_word' id='word_1_193' title='bbox 831 1765 968 1813; x_wconf 84' lang='lat' dir='ltr'>brevi</span> <span class='ocrx_word' id='word_1_194' title='bbox 1000 1763 1151 1829; x_wconf 84' lang='lat' dir='ltr'>spatio</span> <span class='ocrx_word' id='word_1_195' title='bbox 1194 1766 1296 1812; x_wconf 88' lang='lat' dir='ltr'>cir-</span> 
     </span>
     <span class='ocr_line' id='line_1_38' title="bbox 20 1830 1296 1899; baseline 0.002 -21"><span class='ocrx_word' id='word_1_196' title='bbox 20 1831 286 1879; x_wconf 67' lang='lat' dir='ltr'>eumdu&amp;ae</span> <span class='ocrx_word' id='word_1_197' title='bbox 315 1835 469 1896; x_wconf 84' lang='lat' dir='ltr'>copiae</span> <span class='ocrx_word' id='word_1_198' title='bbox 491 1871 504 1892; x_wconf 74' lang='lat'>,</span> <span class='ocrx_word' id='word_1_199' title='bbox 529 1831 801 1899; x_wconf 81' lang='lat' dir='ltr'>Capenates</span> <span class='ocrx_word' id='word_1_200' title='bbox 829 1833 877 1880; x_wconf 90' lang='lat' dir='ltr'>in</span> <span class='ocrx_word' id='word_1_201' title='bbox 901 1831 1079 1880; x_wconf 84' lang='lat' dir='ltr'>vallum</span> <span class='ocrx_word' id='word_1_202' title='bbox 1102 1830 1296 1881; x_wconf 86' lang='lat' dir='ltr'>Roma-</span> 
     </span>
     <span class='ocr_line' id='line_1_39' title="bbox 18 1897 1294 1965; baseline 0.002 -18"><span class='ocrx_word' id='word_1_203' title='bbox 18 1914 136 1947; x_wconf 86' lang='lat' dir='ltr'>num</span> <span class='ocrx_word' id='word_1_204' title='bbox 163 1898 325 1948; x_wconf 84' lang='lat' dir='ltr'>versos</span> <span class='ocrx_word' id='word_1_205' title='bbox 352 1900 411 1946; x_wconf 88' lang='lat' dir='ltr'>ab</span> <span class='ocrx_word' id='word_1_206' title='bbox 431 1917 569 1965; x_wconf 63' lang='lat' dir='ltr'>tergo</span> <span class='ocrx_word' id='word_1_207' title='bbox 601 1900 951 1965; x_wconf 67' lang='lat' dir='ltr'>aggrediuntur.</span> <span class='ocrx_word' id='word_1_208' title='bbox 982 1897 1101 1947; x_wconf 89' lang='lat' dir='ltr'>Inde</span> <span class='ocrx_word' id='word_1_209' title='bbox 1130 1917 1294 1965; x_wconf 74' lang='lat' dir='ltr'>pugna</span> 
     </span>
     <span class='ocr_line' id='line_1_40' title="bbox 17 1964 1294 2032; baseline 0.001 -18"><span class='ocrx_word' id='word_1_210' title='bbox 17 1979 181 2031; x_wconf 83' lang='lat' dir='ltr'>coepta</span> <span class='ocrx_word' id='word_1_211' title='bbox 214 1966 265 2015; x_wconf 67' lang='grc' dir='ltr'>ὃς</span> <span class='ocrx_word' id='word_1_212' title='bbox 284 1966 474 2016; x_wconf 65' lang='lat' dir='ltr'>Faiiscis</span> <span class='ocrx_word' id='word_1_213' title='bbox 497 1964 908 2017; x_wconf 57' lang='lat' dir='ltr'>intulitierrorem</span> <span class='ocrx_word' id='word_1_214' title='bbox 929 2005 943 2027; x_wconf 88' lang='lat'>‚</span> <span class='ocrx_word' id='word_1_215' title='bbox 971 1966 1294 2032; x_wconf 84' lang='lat' dir='ltr'>trepidantes-</span> 
     </span>
     <span class='ocr_line' id='line_1_41' title="bbox 21 2033 1291 2102; baseline 0 -20"><span class='ocrx_word' id='word_1_216' title='bbox 21 2050 116 2099; x_wconf 91' lang='lat' dir='ltr'>que</span> <span class='ocrx_word' id='word_1_217' title='bbox 150 2036 337 2099; x_wconf 85' lang='lat' dir='ltr'>eruptio</span> <span class='ocrx_word' id='word_1_218' title='bbox 370 2053 427 2083; x_wconf 83' lang='lat' dir='ltr'>ex</span> <span class='ocrx_word' id='word_1_219' title='bbox 462 2035 617 2084; x_wconf 81' lang='lat' dir='ltr'>castris</span> <span class='ocrx_word' id='word_1_220' title='bbox 646 2035 919 2102; x_wconf 75' lang='lat' dir='ltr'>opportune</span> <span class='ocrx_word' id='word_1_221' title='bbox 940 2033 1060 2082; x_wconf 61' lang='lat' dir='ltr'>facia</span> <span class='ocrx_word' id='word_1_222' title='bbox 1083 2036 1291 2094; x_wconf 81' lang='lat' dir='ltr'>avertit3</span> 
     </span>
     <span class='ocr_line' id='line_1_42' title="bbox 17 2100 1293 2169; baseline 0.003 -20"><span class='ocrx_word' id='word_1_223' title='bbox 17 2100 231 2165; x_wconf 86' lang='lat' dir='ltr'>repulsos</span> <span class='ocrx_word' id='word_1_224' title='bbox 282 2102 455 2152; x_wconf 84' lang='lat' dir='ltr'>deinde</span> <span class='ocrx_word' id='word_1_225' title='bbox 484 2103 718 2169; x_wconf 75' lang='lat' dir='ltr'>insequuti</span> <span class='ocrx_word' id='word_1_226' title='bbox 760 2102 966 2152; x_wconf 68' lang='lat' dir='ltr'>viftores</span> <span class='ocrx_word' id='word_1_227' title='bbox 991 2139 1008 2161; x_wconf 91' lang='lat'>,</span> <span class='ocrx_word' id='word_1_228' title='bbox 1041 2104 1293 2168; x_wconf 80' lang='lat' dir='ltr'>ingentem</span> 
     </span>
     <span class='ocr_line' id='line_1_43' title="bbox 17 2167 1289 2236; baseline 0.002 -19"><span class='ocrx_word' id='word_1_229' title='bbox 17 2169 269 2217; x_wconf 79' lang='lat' dir='ltr'>ediderunt</span> <span class='ocrx_word' id='word_1_230' title='bbox 290 2171 489 2218; x_wconf 80' lang='lat' dir='ltr'>caedem.</span> <span class='ocrx_word' id='word_1_231' title='bbox 523 2170 627 2219; x_wconf 85' lang='lat' dir='ltr'>Nec</span> <span class='ocrx_word' id='word_1_232' title='bbox 655 2173 718 2219; x_wconf 84' lang='lat' dir='ltr'>ita</span> <span class='ocrx_word' id='word_1_233' title='bbox 744 2172 897 2220; x_wconf 88' lang='lat' dir='ltr'>multo</span> <span class='ocrx_word' id='word_1_234' title='bbox 930 2168 1038 2236; x_wconf 89' lang='lat' dir='ltr'>post</span> <span class='ocrx_word' id='word_1_235' title='bbox 1069 2167 1166 2233; x_wconf 83' lang='lat' dir='ltr'>jam</span> <span class='ocrx_word' id='word_1_236' title='bbox 1198 2188 1289 2232; x_wconf 86' lang='lat' dir='ltr'>pa-</span> 
     </span>
     <span class='ocr_line' id='line_1_44' title="bbox 15 2235 1288 2306; baseline 0.002 -20"><span class='ocrx_word' id='word_1_237' title='bbox 15 2235 200 2297; x_wconf 86' lang='lat' dir='ltr'>lantes,</span> <span class='ocrx_word' id='word_1_238' title='bbox 236 2254 267 2301; x_wconf 94' lang='lat'>7</span> <span class='ocrx_word' id='word_1_239' title='bbox 300 2238 450 2287; x_wconf 86' lang='lat' dir='ltr'>veluti</span> <span class='ocrx_word' id='word_1_240' title='bbox 479 2237 605 2288; x_wconf 78' lang='lat' dir='ltr'>forte</span> <span class='ocrx_word' id='word_1_241' title='bbox 639 2239 789 2288; x_wconf 86' lang='lat' dir='ltr'>oblati</span> <span class='ocrx_word' id='word_1_242' title='bbox 822 2237 1141 2306; x_wconf 84' lang='lat' dir='ltr'>populatores</span> <span class='ocrx_word' id='word_1_243' title='bbox 1178 2237 1288 2288; x_wconf 84' lang='lat' dir='ltr'>Ca-</span> 
     </span>
    </p>
   </div>
   <div class='ocr_carea' id='block_1_3' title="bbox 13 2348 1290 2710">
    <p class='ocr_par' dir='ltr' id='par_1_3' title="bbox 13 2348 1290 2466">
     <span class='ocr_line' id='line_1_45' title="bbox 84 2348 1290 2405; baseline 0.003 -18"><span class='ocrx_word' id='word_1_244' title='bbox 84 2361 102 2398; x_wconf 85' lang='lat'>5</span> <span class='ocrx_word' id='word_1_245' title='bbox 131 2348 410 2403; x_wconf 63' lang='lat' dir='ltr'>Leaistemio]</span> <span class='ocrx_word' id='word_1_246' title='bbox 446 2349 524 2389; x_wconf 87' lang='lat' dir='ltr'>Hic</span> <span class='ocrx_word' id='word_1_247' title='bbox 552 2365 619 2390; x_wconf 88' lang='lat' dir='ltr'>ex·</span> <span class='ocrx_word' id='word_1_248' title='bbox 684 2366 747 2392; x_wconf 82' lang='lat' dir='ltr'>cra</span> <span class='ocrx_word' id='word_1_249' title='bbox 769 2361 781 2391; x_wconf 78' lang='lat' dir='ltr'>t</span> <span class='ocrx_word' id='word_1_250' title='bbox 802 2359 885 2391; x_wconf 86' lang='lat' dir='ltr'>tum</span> <span class='ocrx_word' id='word_1_251' title='bbox 907 2349 1133 2392; x_wconf 86' lang='lat' dir='ltr'>convivium</span> <span class='ocrx_word' id='word_1_252' title='bbox 1157 2362 1290 2405; x_wconf 85' lang='lat' dir='ltr'>appo-</span> 
     </span>
     <span class='ocr_line' id='line_1_46' title="bbox 13 2409 869 2466; baseline 0.002 -16"><span class='ocrx_word' id='word_1_253' title='bbox 13 2409 301 2451; x_wconf 75' lang='lat' dir='ltr'>traordinatius</span> <span class='ocrx_word' id='word_1_254' title='bbox 314 2413 386 2452; x_wconf 78' lang='lat' dir='ltr'>fuit</span> <span class='ocrx_word' id='word_1_255' title='bbox 403 2411 620 2466; x_wconf 78' lang='lat' dir='ltr'>supplican-</span> <span class='ocrx_word' id='word_1_256' title='bbox 683 2413 869 2452; x_wconf 87' lang='lat' dir='ltr'>nebatur.</span> 
     </span>
    </p>

    <p class='ocr_par' dir='ltr' id='par_1_4' title="bbox 15 2470 1289 2649">
     <span class='ocr_line' id='line_1_47' title="bbox 17 2470 1286 2526; baseline 0.002 -15"><span class='ocrx_word' id='word_1_257' title='bbox 17 2471 56 2511; x_wconf 80' lang='lat' dir='ltr'>di</span> <span class='ocrx_word' id='word_1_258' title='bbox 91 2471 162 2510; x_wconf 77' lang='lat' dir='ltr'>diis</span> <span class='ocrx_word' id='word_1_259' title='bbox 181 2471 294 2511; x_wconf 83' lang='lat' dir='ltr'>ritus.</span> <span class='ocrx_word' id='word_1_260' title='bbox 318 2473 378 2512; x_wconf 89' lang='lat' dir='ltr'>Ad</span> <span class='ocrx_word' id='word_1_261' title='bbox 410 2475 546 2525; x_wconf 79' lang='lat' dir='ltr'>epulas</span> <span class='ocrx_word' id='word_1_262' title='bbox 567 2473 620 2513; x_wconf 77' lang='lat' dir='ltr'>dii</span> <span class='ocrx_word' id='word_1_263' title='bbox 743 2472 770 2513; x_wconf 83' lang='lat'><strong>6</strong></span> <span class='ocrx_word' id='word_1_264' title='bbox 803 2471 1027 2526; x_wconf 72' lang='lat' dir='ltr'>M&#39;ajoribus</span> <span class='ocrx_word' id='word_1_265' title='bbox 1048 2471 1213 2526; x_wconf 77' lang='lat' dir='ltr'>castris]</span> <span class='ocrx_word' id='word_1_266' title='bbox 1253 2470 1286 2513; x_wconf 86' lang='lat' dir='ltr'>E</span> 
     </span>
     <span class='ocr_line' id='line_1_48' title="bbox 15 2530 1289 2590; baseline 0.002 -18"><span class='ocrx_word' id='word_1_267' title='bbox 15 2530 287 2572; x_wconf 82' lang='lat' dir='ltr'>invitabantur</span> <span class='ocrx_word' id='word_1_268' title='bbox 307 2560 318 2579; x_wconf 92' lang='lat'>,</span> <span class='ocrx_word' id='word_1_269' title='bbox 364 2533 485 2586; x_wconf 68' lang='lat' dir='ltr'>iisque</span> <span class='ocrx_word' id='word_1_270' title='bbox 523 2535 619 2590; x_wconf 53' lang='lat' dir='ltr'>‚leffi</span> <span class='ocrx_word' id='word_1_271' title='bbox 682 2534 898 2588; x_wconf 76' lang='lat' dir='ltr'>majoribus</span> <span class='ocrx_word' id='word_1_272' title='bbox 924 2534 1055 2575; x_wconf 81' lang='lat' dir='ltr'>castris</span> <span class='ocrx_word' id='word_1_273' title='bbox 1079 2547 1091 2574; x_wconf 64' lang='grc' dir='ltr'>ἓ</span> <span class='ocrx_word' id='word_1_274' title='bbox 1114 2535 1154 2574; x_wconf 70' lang='grc' dir='ltr'>ὅ(</span> <span class='ocrx_word' id='word_1_275' title='bbox 1179 2532 1289 2574; x_wconf 87' lang='lat' dir='ltr'>forfi-</span> 
     </span>
     <span class='ocr_line' id='line_1_49' title="bbox 15 2592 1177 2649; baseline 0 -17"><span class='ocrx_word' id='word_1_276' title='bbox 15 2592 316 2639; x_wconf 79' lang='lat' dir='ltr'>sternebantur,</span> <span class='ocrx_word' id='word_1_277' title='bbox 332 2595 369 2634; x_wconf 87' lang='lat' dir='ltr'>in</span> <span class='ocrx_word' id='word_1_278' title='bbox 391 2595 530 2649; x_wconf 86' lang='lat' dir='ltr'>quibus</span> <span class='ocrx_word' id='word_1_279' title='bbox 550 2609 618 2635; x_wconf 89' lang='lat' dir='ltr'>eo·</span> <span class='ocrx_word' id='word_1_280' title='bbox 681 2607 748 2637; x_wconf 84' lang='lat' dir='ltr'>tan</span> <span class='ocrx_word' id='word_1_281' title='bbox 770 2596 920 2635; x_wconf 88' lang='lat' dir='ltr'>excidit</span> <span class='ocrx_word' id='word_1_282' title='bbox 935 2594 1177 2647; x_wconf 79' lang='lat' dir='ltr'>praepofitio.</span> 
     </span>
    </p>

    <p class='ocr_par' dir='ltr' id='par_1_5' title="bbox 36 2654 1288 2710">
     <span class='ocr_line' id='line_1_50' title="bbox 36 2654 1288 2710; baseline 0.001 -15"><span class='ocrx_word' id='word_1_283' title='bbox 36 2668 100 2695; x_wconf 85' lang='lat' dir='ltr'>urn</span> <span class='ocrx_word' id='word_1_284' title='bbox 131 2657 432 2710; x_wconf 72' lang='lat' dir='ltr'>reponebantur</span> <span class='ocrx_word' id='word_1_285' title='bbox 464 2655 619 2698; x_wconf 80' lang='lat' dir='ltr'>fimula-</span> <span class='ocrx_word' id='word_1_286' title='bbox 743 2670 768 2710; x_wconf 90' lang='lat'>7</span> <span class='ocrx_word' id='word_1_287' title='bbox 789 2655 926 2699; x_wconf 78' lang='lat' dir='ltr'>Veluti</span> <span class='ocrx_word' id='word_1_288' title='bbox 943 2655 1052 2709; x_wconf 62' lang='lat' dir='ltr'>sbrt&amp;</span> <span class='ocrx_word' id='word_1_289' title='bbox 1070 2654 1198 2695; x_wconf 82' lang='lat' dir='ltr'>oblati</span> <span class='ocrx_word' id='word_1_290' title='bbox 1211 2669 1288 2710; x_wconf 84' lang='lat' dir='ltr'>po·</span> 
     </span>
    </p>
   </div>
  </div>
 </body>
</html>
