1704 3073
288 165 328 215 4
583 118 1247 203 PRAEFATIO.

289 223 463 274 deinde
495 239 547 273 ut
577 227 728 292 magis
759 225 1002 292 magisque
1033 224 1147 290 lapsi
1186 224 1276 274 smt
1309 240 1325 286 ;
1356 239 1458 275 tum
1499 223 1568 273 ire

289 295 526 357 coeperint
558 294 826 358 praecipites
858 311 868 340 :
904 293 1057 341 donec
1080 293 1139 341 ad
1173 294 1273 341 haec
1310 307 1568 357 tempora,

289 363 460 426 quibus
498 378 587 408 nec
615 362 731 410 vitia
762 357 949 416 nostra,
968 377 1057 409 nec
1083 361 1296 409 remedia
1327 362 1425 426 pati
1456 359 1572 425 pos·
1616 393 1619 395 -

288 428 478 486 summ,
507 443 796 492 perventum
834 426 915 475 est.
945 427 1057 476 Hoc
1092 428 1208 477 illud
1238 427 1304 477 est
1327 427 1568 493 praecipue

289 496 337 543 in
354 497 634 560 cognitione
650 508 806 543 rerum
822 493 1002 544 salubre
1017 513 1070 543 ac
1072 493 1393 562 frugiferum,
1410 495 1570 543 omnis

289 577 339 612 te
376 563 585 628 exempli
618 562 944 610 documenta
934 579 982 610 m
1016 561 1178 611 illustri
1209 562 1361 629 posita
1387 579 1572 610 monu-

289 645 459 679 mento
510 631 681 678 intueri
716 647 727 677 z
759 630 873 678 inde
907 630 992 677 tibi
1048 647 1240 696 tuaeque
1292 630 1571 708 reipublicae

294 697 430 763 quod
466 699 683 758 imitere,
718 699 875 763 capias
908 714 919 745 ε
955 697 1066 746 inde
1109 697 1291 745 foedum
1329 700 1522 763 inceptu
1553 733 1568 757 ‚

290 765 479 813 foedum
514 767 677 825 exitu,
724 765 855 829 quod
904 766 1048 814 vites,
1093 763 1326 814 Ceterum
1376 780 1454 813 aut
1490 780 1571 813 me

290 851 430 880 amor
462 835 644 899 negotii
676 831 872 896 suscepti
905 830 1060 893 fallit,
1087 848 1166 879 aut
1190 834 1319 881 nulla
1343 848 1572 896 umquam

290 899 556 966 respublica
589 917 678 948 nec
715 917 902 960 major,
943 916 1032 948 nec
1059 899 1293 960 sanciior,
1317 917 1407 948 nec
1431 900 1574 947 bonis

292 968 526 1040 exemplis
564 969 644 1015 dit·
636 985 708 1015 10r
751 966 888 1014 fuit·
878 1003 891 1024 ,
925 984 1016 1015 nec
1063 970 1109 1015 in
1145 985 1287 1045 quam
1324 969 1573 1015 civitatem

288 1052 388 1084 tam
403 1031 515 1083 serae
534 1036 727 1083 avaritia
742 1034 1048 1100 luxuriaque
1038 1037 1457 1102 lmmigraverint3
1478 1051 1571 1083 nec

291 1103 373 1152 ubi
393 1119 548 1151 tantus
571 1118 739 1151 actam
777 1102 856 1150 diu
891 1105 1162 1167 paupertati
1192 1121 1244 1150 ac
1270 1102 1573 1168 parfimoniae

290 1169 641 1219 honosfuerit:
665 1171 816 1229 adeo,
839 1185 1019 1235 quanto
1045 1187 1203 1218 rerum
1225 1173 1380 1218 minus
1399 1209 1413 1226 ,
1433 1184 1572 1218 tanto

294 1239 451 1288 minus
489 1238 757 1303 cupiditatis
789 1252 905 1285 erat.
944 1253 1000 1284 12
1038 1236 1207 1302 Nuper
1243 1237 1419 1285 divitiae
1453 1254 1574 1285 ava·-

297 1307 453 1354 ritiam
476 1343 489 1363 ‚
522 1307 573 1354 &
607 1305 901 1353 abundantes
936 1304 1214 1370 voluptates
1251 1304 1538 1354 desiderium
1559 1341 1576 1364 ,

292 1390 386 1439 per
418 1374 580 1421 luxum
600 1389 741 1449 atque
773 1371 1020 1419 libidinem
1046 1373 1278 1437 pereundi
1310 1372 1575 1438 perdendi-

304 1458 398 1507 que
435 1444 634 1499 omnia,
664 1443 909 1487 invexere.
947 1439 1043 1487 Sed
1079 1441 1283 1505 querelae
1307 1479 1321 1501 ‚
1362 1457 1424 1489 ne
1468 1454 1574 1487 tum

338 1509 497 1557 uidem
531 1522 672 1574 gratae
701 1506 896 1564 futurae,
934 1525 1080 1572 quum
1106 1506 1298 1555 forsitan
1333 1508 1382 1555 ὅ(
1410 1506 1577 1555 neces·-

301 1527 427 1624 1111133
459 1589 631 1635 erunt,
650 1576 749 1622 ab
739 1577 876 1622 mitio
899 1575 1026 1622 certe
1052 1590 1194 1622 tantae
1224 1575 1471 1623 ordiundae
1502 1575 1574 1622 rei

301 1643 469 1693 ahsmt.
488 1641 636 1692 Cum‘
645 1644 788 1691 bonis
819 1656 867 1706 13
892 1643 1052 1708 potius
1076 1644 1313 1691 ominibus
1350 1641 1574 1708 votisque

240 1725 243 1727 ’
301 1729 356 1760 ac
394 1711 749 1777 precationibus
785 1711 989 1759 deorum
1034 1710 1363 1774 dearumque,
1402 1709 1436 1757 fi
1467 1746 1482 1768 ‚
1524 1722 1576 1758 ut

301 1781 496 1844 poetis,
525 1779 664 1828 nobis
697 1795 894 1844 quoque
923 1795 1031 1825 mos
1066 1776 1214 1837 estet,
1249 1777 1509 1826 libentius'
1498 1794 1576 1823 m-

300 1849 600 1912 ciperemus‚
638 1861 690 1894 ut
731 1863 791 1906 14
831 1844 945 1895 orsis
983 1848 1099 1895 tanti
1148 1846 1309 1912 operis
1350 1842 1578 1893 successus

302 1914 562 1981 prosperos
589 1914 775 1962 darent.
1601 1922 1603 1925 '

371 2012 423 2041 12
454 1999 622 2053 Nuper]
651 1999 819 2041 Divitiae
846 2003 909 2040 in-

302 2076 444 2102 vexere
457 2061 663 2100 avaritiam
680 2090 692 2106 ,
712 2061 738 2100 i.
757 2062 793 2102 εξ
811 2060 909 2100 sitim

304 2123 565 2168 divitiatum3
595 2122 631 2161 δ’
671 2122 910 2162 abundantes

303 2184 528 2238 voluptates
563 2182 786 2236 desiderium
806 2183 911 2236 ipsa-

304 2259 390 2285 rum
409 2245 659 2296 voluptatum
673 2272 684 2289 ‚
706 2244 795 2282 dum
814 2245 910 2283 luxu

303 2305 457 2346 solutos
471 2305 578 2345 cives
595 2305 716 2344 libido
729 2306 910 2357 quaedam

304 2365 502 2420 pereundi
526 2366 800 2419 perdendique
826 2380 913 2405 om-

305 2428 368 2468 nia
400 2427 540 2481 agitat.
570 2427 650 2466 Alii
679 2427 829 2465 malunt
850 2428 912 2465 de-

298 2488 483 2542 fiderium
500 2487 687 2541 pereundi
700 2488 911 2541 perdendi-

308 2564 378 2603 que
400 2549 528 2588 omnia
543 2562 617 2604 per
636 2548 769 2588 luxum
797 2560 911 2602 atque

309 2609 527 2649 libidinem.

373 2681 421 2724 13
450 2669 640 2716 Potiiss...
675 2669 859 2716 libencius
888 2670 908 2725 ]

973 1997 1205 2038 Sufficiebat
1244 1999 1444 2039 libentius.
1494 1964 1577 2040 ‘Sed

973 2060 1167 2114 ejusmodi
1183 2061 1400 2114 pieonasmi
1414 2075 1493 2100 non
1513 2061 1581 2101 in·

971 2121 1100 2161 usitati
1139 2122 1226 2164 sunt
1266 2123 1371 2176 apud
1400 2123 1579 2174 optimos

973 2183 1187 2235 scriptores
1207 2211 1217 2230 ,
1250 2183 1314 2237 qui
1358 2183 1581 2236 perspicui·

974 2244 1048 2283 tati
1073 2243 1240 2283 maxime
1267 2244 1461 2284 serviunt.

1043 2316 1094 2354 14
1129 2303 1236 2356 Orfis
1268 2305 1372 2344 tanti
1402 2303 1531 2360 operis
1557 2304 1576 2357 ]

975 2364 1110 2405 Tanto
1132 2365 1309 2405 instituto
1329 2367 1459 2418 operi.
1477 2364 1581 2418 Orsa

976 2427 1104 2480 operis
1136 2427 1341 2480 inceptum
1364 2441 1481 2480 opus.
1512 2427 1581 2466 Sic

976 2487 1126 2527 Statius
1156 2488 1212 2529 1V
1235 2515 1245 2533 ,
1278 2488 1390 2541 Sylv.
1426 2501 1450 2539 7
1483 2514 1495 2534 ‚
1530 2488 1580 2527 ad

973 2548 1191 2588 Maximum
1227 2548 1385 2589 Junium
1421 2561 1434 2589 .·
1477 2545 1580 2599 Orsa

974 2609 1143 2658 Sallusti
1167 2609 1317 2658 brevis,
1340 2623 1414 2665 pro
1452 2622 1580 2665 Opere
1601 2614 1604 2617 ’

974 2670 1061 2727 ipso
1090 2669 1274 2714 Sallustii.
