1643 3078
331 54 1127 132 SENTENTIARUMff
1281 95 1377 148 559

123 188 130 194 .
153 161 205 191 -ex
223 147 333 190 hoste
353 149 510 191 domum
532 147 660 188 retulit
681 179 690 198 ,
711 147 822 200 quam
843 147 868 187 fi
894 147 1087 202 multiplex
1112 145 1264 189 alterius
1283 150 1385 190 arhi-

159 203 234 244 trio
252 204 446 257 accipiat,
479 201 574 243 ibid.

650 253 833 296 Praemia.
1317 300 1321 303 ,

103 309 225 362 Cuius
261 310 312 350 rei
347 308 539 363 praemium
570 308 623 350 est
660 309 694 349 in
732 309 916 358 civitate,
943 319 989 349 ea
1023 309 1196 349 maximis
1233 309 1381 364 semper

160 363 327 404 ananius
346 363 491 405 crescit.
512 362 572 403 Sic
591 374 687 417 pace
707 362 796 402 boni
815 393 825 409 ,
845 361 892 403 sic
915 361 1020 402 bello
1041 362 1133 403 fiunt
1150 394 1161 409 ‚
1183 363 1237 403 tv
1251 392 1260 407 ,
1281 378 1319 403 2.

101 414 161 458 Eo
189 416 412 470 impenditur
446 417 556 458 labor
595 430 640 458 ac
678 415 921 471 periculum,
950 415 1052 456 unde
1082 417 1384 459 emolumentum

157 481 270 524 atque
297 473 421 511 lionos
465 471 645 524 speretur.
681 470 782 510 Nihil
822 482 898 510 non
944 471 1142 524 aggressuri
1177 471 1256 512 sunt
1305 474 1382 511 lio-

157 526 306 620 Ques,
338 524 362 566 si
397 536 532 579 magna
565 525 712 567 conatis
747 535 880 578 magna
909 524 1062 577 praemia
1094 535 1382 578 proponantur,

230 610 241 630 '
275 589 294 632 3
544 632 724 672 Privata.
743 631 923 671 Publica.

100 683 324 739 Largitionis
360 686 569 741 praedaeque
595 688 636 727 ὅ(
671 687 802 739 privati
840 685 1042 727 dulcedine
1069 686 1270 729 commodi
1294 686 1384 727 sen-

157 740 214 780 sus
235 740 420 781 malorum
440 740 680 794 publicorum
704 741 916 780 hominibus
936 740 1111 781 adimitur
1127 773 1136 789 ‚
1159 739 1201 784 I·,
1227 753 1292 790 54.

104 791 232 834 fatuo
253 795 510 848 respeetusque
530 807 653 836 rerum
675 795 905 848 privatarum
937 795 1083 848 semper
1100 794 1269 836 offecere
1298 793 1388 836 offi-

156 848 334 902 cientque
353 849 509 902 publicis
529 848 686 891 consiliis
707 879 718 899 ,
738 848 771 889 11
786 878 798 892 ,
821 858 886 900 30.

638 919 843 962 Prodl'tor.

102 969 297 1015 Prodito-ri
316 974 402 1016 nihil
418 974 575 1029 usquam
594 973 709 1016 fidum
726 1005 736 1024 ,
757 973 773 1013 I
792 1005 803 1025 ,
825 985 839 1013 1
853 986 890 1013 1.

645 1043 832 1086 Ouerelae.

101 1097 285 1152 Querelae
304 1110 352 1140 ne
373 1106 452 1139 tum
468 1098 622 1153 quidem
642 1087 755 1152 §ratae
772 1129 783 1147 ,
805 1109 921 1152 quum
939 1096 1171 1144 necessartae.
1196 1097 1307 1144 Praef.

658 1158 847 1211 Regnum.

100 1209 220 1251 Infida
241 1211 294 1251 est
315 1211 476 1254 societas
497 1212 599 1265 regni
616 1225 629 1260 ,’
648 1211 686 1260 1,
709 1225 773 1261 14.

100 1264 246 1306 Invidia
264 1267 367 1318 regni
394 1267 506 1306 etiam
530 1267 624 1307 inter
643 1265 878 1307 domesticos
904 1264 1017 1307 infida
1037 1265 1165 1309 omnia
1185 1277 1299 1324 atque
1333 1269 1391 1312 in·

156 1317 251 1360 festa
278 1318 400 1368 facit,
431 1319 473 1368 Ι,
508 1331 576 1368 42.

102 1371 265 1428 Regna,
285 1385 344 1414 res
366 1374 462 1414 inter
480 1371 578 1415 deos
594 1372 842 1428 hominesque
859 1372 1136 1427 pulcherrima,
1154 1376 1218 1423 11,
1238 1389 1283 1431 9.

656 1444 829 1498 Religio.

100 1496 182 1540 Aut
200 1497 377 1553 neglestis
396 1497 645 1551 religionibus
668 1529 679 1547 ‚
698 1509 760 1539 aut
777 1498 897 1553 prave
927 1498 1062 1546 cultis,
1095 1513 1254 1555 regnum
1283 1502 1386 1545 haud

156 1551 243 1593 satis
275 1552 497 1606 prosperum
518 1585 528 1602 ‚
548 1551 592 1595 1,
623 1562 688 1603 32.

101 1605 292 1648 Colantur
309 1607 511 1661 religiones
533 1606 596 1659 pie
616 1606 732 1660 magis
752 1605 866 1660 quam
884 1606 1088 1661 magnifice
1104 1635 1118 1654 ‚
1139 1608 1220 1655 111,
1240 1622 1306 1663 57.

100 1660 284 1703 Adversae
301 1673 361 1703 res
381 1661 589 1702 admonent
608 1659 836 1714 religionum
852 1692 862 1712 ‚
894 1662 927 1704 V
950 1690 962 1711 ,
996 1674 1062 1713 51.

689 1731 793 1774 Rex.

101 1785 172 1841 Ipsi
191 1787 227 1828 se
245 1786 444 1831 homines,
468 1786 505 1827 in
525 1786 642 1840 regis,
666 1785 775 1828 velut
791 1787 891 1830 unici
916 1787 1112 1842 exempli,
1144 1800 1274 1831 mores
1299 1789 1384 1832 for-

158 1851 289 1898 mant,
321 1841 362 1889 l,
390 1855 455 1882 21.

101 1893 188 1939 Rex
204 1897 325 1936 homo
346 1894 423 1943 est,
447 1906 468 1935 a
490 1906 568 1949 quo
589 1894 766 1948 impetres
783 1923 796 1940 ,
819 1895 885 1936 ubi
908 1895 964 1947 jus
984 1925 995 1944 ,
1025 1894 1090 1936 ubi
1122 1895 1254 1948 injuria
1283 1909 1382 1951 opus

158 1949 225 1990 sit:
246 1949 298 1990 est
316 1948 415 2002 apud
434 1961 521 1989 eum
569 1950 668 1989 ratiae
688 1948 799 1990 locus
822 1981 833 2000 ‚
855 1950 908 1990 est
935 1949 1128 1991 beneficio
1162 1964 1173 1991 :
1208 1952 1250 1992 δε
1277 1952 1384 1993 irasci

160 2003 417 2057 &ignoscere
438 2004 545 2056 potel
584 2004 710 2045 :inter
744 2004 910 2047 amicum
944 2014 1059 2059 atque
1087 2003 1281 2046 inimicum
1314 2005 1389 2048 dis-

106 2076 111 2082 ⁴
159 2057 303 2100 crimen
333 2058 472 2108 novit,
504 2056 568 2107 ll,
605 2068 646 2110 3.—

529 2111 674 2165 Regum
704 2111 965 2165 affentatores.

104 2163 265 2207 Servitia
303 2177 435 2220 regum
469 2165 716 2218 superborum
737 2167 853 2215 „suae
886 2166 1071 2208 libertatis
1106 2165 1386 2225 immemores,

159 2219 196 2262 al
209 2232 321 2262 enam
338 2229 558 2274 oppugnant
575 2250 587 2270 ,
606 2218 640 2260 11
659 2249 670 2268 ‚
690 2233 755 2263 10.

673 2290 822 2334 Rubor.

105 2345 237 2389 Minor
270 2343 324 2386 est
356 2344 474 2386 rubor
513 2345 549 2386 in
579 2344 667 2398 iuris
706 2345 928 2399 iniquitate,
960 2344 1075 2399 quam
1115 2345 1141 2387 fi
1180 2359 1248 2401 per
1283 2346 1386 2389 indi·

159 2399 341 2454 gnitatem
368 2408 471 2440 tuam
499 2410 726 2453 praetereare
744 2428 755 2444 ‚
786 2398 840 2442 IV
862 2429 874 2450 ‚
910 2410 976 2451 35.

653 2468 822 2508 Seditio.

108 2522 327 2567 seditiones
358 2534 494 2564 unum
517 2533 710 2565 venenum
743 2523 823 2564 sunt
848 2554 867 2574 ,,
904 2534 981 2565 una
1021 2523 1130 2566 labes
1169 2524 1389 2570 civitatibus

169 2577 358 2673 fipulentis
396 2585 581 2639 reperta,
613 2586 656 2620 ut
689 2588 826 2632 magna
858 2577 1015 2632 imperIa
1045 2579 1222 2622 mortalia
1248 2580 1391 2629 effent.

223 2659 236 2684 ο
259 2643 329 2684 44·
417 2650 421 2654 '
