1643 3078
467 105 514 162 L
555 119 579 159 1
622 117 657 158 B
703 117 738 158 E
760 120 819 160 >R
912 102 986 161 V.
1232 116 1346 178 403
1522 169 1524 172 Α

87 180 243 232 brium
275 185 504 250 appellari
541 181 770 231 audissent
791 220 806 242 ‚
839 196 860 245 3
897 180 1190 249 cognomine
1212 180 1352 230 Insu-
1366 201 1557 254 034354,

87 250 248 298 bribus
264 269 389 318 pago
406 251 671 301 AEduorum
688 287 702 310 ‚
723 249 787 297 ibi
802 266 949 298 omen
963 251 1214 315 sequentes
1229 250 1323 299 loci
1338 287 1355 311 ,
1368 257 1555 311 3.(3388,

87 318 348 367 condidere
373 319 541 368 urbem
568 335 580 366 ε
613 316 952 367 Mediolanum
973 317 1290 381 appellarunt.
1559 326 1566 331 '

157 383 371 434 XXXV.
406 386 516 435 Alia
541 385 738 435 subinde
769 400 935 433 manus
959 382 1358 432 Cenomanorum

87 449 303 502 Elitovio
325 453 445 502 duce
467 452 664 520 vestigia
681 455 895 519 priorum
919 449 1117 517 sequuta
1136 487 1150 509 ‚
1183 451 1363 499 eodem

86 519 202 568 saltu
228 557 242 579 ‚
274 520 470 571 favente
506 519 799 581 Belloveso,
827 535 975 586 quum
1003 517 1363 567 transcendisset

87 587 242 652 Alpes
265 625 279 649 ,
309 589 388 636 ubi
416 607 541 637 nunc
575 587 731 637 Brixia
764 605 816 636 ac
848 587 1052 635 Verona
1079 586 1219 634 urbes
1259 585 1363 634 sunt

89 658 165 714 (4
183 655 320 705 locos
347 672 547 706 tenuere
565 656 706 704 Libui
729 655 750 722 )
787 654 1067 703 confidunt:
1095 668 1115 720 5
1138 651 1244 719 post
1270 654 1361 701 hos

85 720 317 782 Salluvii,
344 719 498 789 prope
528 725 771 789 antiquam
801 736 999 790 gentem
1024 720 1195 770 Laevos
1212 719 1364 786 Ligu—

83 804 156 836 res
170 826 185 849 ,
202 791 471 840 incolentes
491 792 613 839 circa
625 790 854 839 Ticinum
872 806 1083 837 amnem.
1100 789 1129 838 6
1145 787 1363 837 Pennino

86 855 263 906 deinde
283 858 390 907 Boii
417 858 750 926 Lingonesque
769 855 1031 923 transgreffi
1053 895 1067 916 ‚
1097 874 1244 922 quum
1266 855 1365 920 jam

83 924 208 973 inter
249 924 431 974 Padum
465 942 608 992 atque
642 927 797 991 Alpes
836 927 999 972 omnia
1035 938 1311 973 tenerentur
1347 961 1364 984 ‚

85 989 222 1041 Pado
239 995 420 1042 ratibus
443 994 673 1056 trajecto,
699 1011 797 1042 non
821 990 1041 1041 Etruscos
1071 993 1223 1039 modo
1240 1030 1254 1052 ‚
1282 991 1363 1040 sed

87 1060 232 1108 etiam
258 1061 475 1111 Umbros
496 1079 609 1129 agro
632 1062 817 1127 pellunt
850 1078 861 1108 ι
897 1063 1017 1108 intra
1048 1058 1364 1125 Apenninum

3 1126 14 1130 ’
49 1184 61 1201 ἱ
86 1143 250 1178 tamen
276 1129 371 1179 sese
401 1144 616 1179 tenuere.
647 1128 775 1177 Tum
812 1127 1032 1176 Senones
1065 1164 1079 1187 ,
1126 1128 1361 1176 recentis-

86 1194 190 1244 fimi
216 1197 511 1246 advenarum
534 1235 546 1255 ,
585 1196 642 1245 ab
676 1196 861 1245 Utente
902 1197 1099 1244 flumine
1123 1195 1267 1260 usque
1299 1196 1359 1242 ad

90 1263 240 1312 AEfim
268 1263 388 1314 fines
418 1266 649 1312 habuere.
699 1263 839 1312 Hanc
876 1278 1070 1329 gentem
1106 1262 1322 1311 Clusium
1344 1300 1360 1323 ‚

89 1331 399 1398 Romamque
430 1332 542 1381 inde
575 1330 756 1380 venisse
788 1333 1073 1397 comperio:
1105 1331 1152 1378 id
1186 1349 1357 1395 parum

90 1414 277 1448 certum
306 1400 402 1459 est,
434 1399 646 1448 solamne
673 1437 687 1459 ‚
713 1408 772 1447 an
805 1399 864 1447 ab
896 1398 1119 1448 omnibus
1145 1397 1356 1463 Cisalpi-

91 1483 266 1516 norum
289 1467 545 1518 Gallorum
570 1468 760 1535 populis
791 1465 1022 1532 adjutam.
1051 1465 1233 1515 Clusini
1268 1485 1357 1515 no-
1405 1480 1554 1537 elusim·

88 1553 157 1584 vo
176 1535 307 1586 bello
336 1540 579 1598 exterriti,
614 1554 762 1603 quum
787 1535 1144 1586 multitudinem
1161 1573 1174 1597 ,
1209 1552 1355 1602 quum
1372 1538 1397 1578 ἁ
1434 1542 1568 1584 Gallis

91 1601 272 1653 formas
305 1605 556 1654 hoininum
583 1605 822 1654 inusitatas
859 1619 1111 1655 cernerent
1135 1642 1147 1663 ‚
1179 1603 1229 1652 &
1266 1620 1356 1670 ge·
1376 1620 1500 1660 oppu-

92 1689 181 1720 nus
205 1690 448 1721 armorum
466 1712 480 1734 ‚
517 1673 831 1738 audirentque
861 1673 981 1739 saepe
1008 1674 1066 1721 ab
1096 1674 1151 1720 iis
1176 1674 1241 1720 cis
1273 1672 1358 1719 Pa-
1375 1669 1503 1724 gnati.

95 1739 207 1788 dum
223 1741 439 1808 ultraque
459 1742 673 1809 legiones
694 1740 992 1790 Etruscorum
1017 1740 1139 1788 fusas
1155 1777 1171 1799 ‚
1194 1757 1365 1805 quam-2

95 1825 241 1874 quam
275 1810 506 1858 adversus
526 1808 779 1858 Romanos
801 1810 982 1858 nullum
1007 1811 1073 1857 eis
1103 1806 1175 1872 jus
1208 1809 1369 1856 socie-

14 1897 27 1905 ·
94 1877 203 1924 tatis
233 1878 518 1926 amicitiaeve
548 1893 678 1939 erat,
716 1876 800 1925 nifi
820 1878 952 1943 quod
977 1876 1214 1924 Veientes
1247 1894 1371 1924 con-

92 1941 378 2011 sanguineos
409 1945 641 1995 adversus
674 1946 911 2012 populum
950 1944 1231 1994 Romanum
1266 1961 1368 1993 non

158 2086 179 2128 3
217 2077 453 2132 Cognomine
482 2077 500 2131 ]
548 2077 699 2119 Melicis
760 2077 887 2123 Iuvii,
922 2076 988 2130 qui
1012 2077 1100 2132 post
1115 2077 1183 2116 hos
1201 2075 1369 2117 transie-

96 2139 360 2194 cognominem
393 2153 405 2179 :
451 2140 518 2192 qui
553 2140 696 2181 eodem
760 2154 803 2179 re
824 2168 836 2186 ‚
866 2138 1074 2179 considunt
1104 2153 1230 2193 prope
1258 2139 1370 2177 ami·

94 2199 255 2239 nomine
283 2200 378 2240 effet
410 2228 423 2248 ,
473 2215 553 2253 quo
587 2201 698 2241 Insu-
760 2216 870 2255 quam
899 2214 1052 2256 gentem
1078 2200 1213 2241 Laevos
1239 2199 1366 2254 Ligu-

96 2263 186 2301 bres
214 2260 439 2302 AEduorurn
472 2264 605 2317 gentis
626 2278 697 2316 pa·
759 2261 1173 2315 res‚fiveeLigui-um
1188 2275 1366 2313 genere,

95 2336 185 2378 gus.
223 2323 290 2363 De
321 2337 426 2363 voce
458 2339 580 2379 pagus
613 2325 696 2365 vid.
757 2323 979 2364 incolentes
1031 2324 1135 2363 circa
1186 2322 1366 2363 Ticinum

96 2393 187 2424 not.
211 2394 229 2435 3
255 2384 303 2424 ad
325 2384 366 2431 1,
394 2396 410 2425 1
437 2384 564 2439 supra.
763 2400 927 2425 amnem.

157 2459 185 2494 4
208 2445 336 2484 Locos
364 2459 519 2486 tenuere
544 2445 694 2500 Libui]
822 2446 847 2487 6
878 2445 1090 2499 Pennino]
1121 2445 1243 2499 Jugo.
1262 2444 1365 2484 Illud

96 2505 217 2558 Quos
250 2507 410 2560 quidem
437 2509 551 2549 locos
579 2518 696 2549 antea
759 2522 906 2549 nornen
922 2507 1085 2560 Alpibus
1103 2508 1270 2546 inditum
1286 2506 1366 2545 fot·

95 2569 289 2610 tenebant
308 2568 437 2607 Libui.
758 2569 800 2610 te
829 2584 850 2608 a
872 2569 968 2609 Deo
992 2598 1001 2612 ‚
1030 2569 1096 2623 qui
1125 2569 1178 2607 ibi
1201 2569 1372 2621 colcbgi-

147 2642 167 2680 5
190 2628 362 2680 Pojzs‘hos
379 2629 580 2682 Salluvii]
605 2630 695 2670 Sal·
759 2642 838 2673 tur.
858 2629 952 2673 Viti.
975 2631 1043 2668 liv.
1067 2630 1168 2670 XXi
1191 2657 1203 2676 ,
1233 2623 1324 2683 35·>

247 2711 249 2713 ·
968 2689 1006 2738 Z
1047 2686 1096 2754 iij
