1704 3073
351 127 422 167 η
629 106 683 165 Τ
726 123 748 163 1
793 124 834 164 T
876 123 898 163 1
984 108 1029 163 L
1072 121 1097 164 1
1140 123 1184 161 v
1229 121 1250 162 1
1297 122 1320 162 1

408 189 479 238 V.
511 188 619 239 Jam
653 203 756 237 tum
794 190 843 236 in
886 186 1102 237 Palatino
1134 203 1300 236 monte
1327 201 1347 251 3
1380 185 1617 253 Lupercal

342 256 480 317 4hoc
498 256 631 306 fuiffe
657 257 891 306 ludicrum
910 255 1096 315 ferunt,
1121 256 1169 303 ὃ(
1189 274 1215 302 a
1237 254 1480 304 Pallanteo
1502 255 1620 306 urbe

341 324 581 374 Arcadicd
607 325 836 372 Palatium
858 360 872 382 ,
895 323 1071 371 deinde
1095 322 1361 371 Palatinum
1397 339 1622 372 montem

340 393 640 460 appellatum
661 409 674 452 ;
694 393 758 439 ibi
780 390 1058 449 Evandrum
1077 427 1092 449 ‚
1118 393 1196 457 qui
1225 406 1244 455 5
1277 407 1338 439 ex
1361 407 1420 439 eo
1441 407 1619 457 genere

337 459 590 509 Arcadum
637 460 794 507 multis
845 459 953 506 ante
1007 457 1366 522 tempestatibus
1409 461 1620 508 tenuerit

340 528 451 578 loca
473 566 487 588 ,
523 527 720 576 solenne
757 526 952 575 allatum
991 542 1051 573 ex
1086 525 1293 573 Arcadia
1329 524 1568 575 instituisse
1601 563 1618 587 ‚

340 612 395 644 ut
415 596 528 643 nudi
553 594 754 659 juvenes
778 595 807 642 6
830 593 1049 659 Lyceum
1073 592 1200 641 Pana
1218 610 1505 642 venerantes
1529 611 1617 659 per

336 663 489 712 lusum
507 678 650 728 atque
672 661 911 710 lasciviam
933 676 1178 710 currerent
1202 679 1213 709 :
1248 678 1393 726 quem
1427 661 1616 710 Roma-

338 733 392 780 ni
420 730 595 779 deinde
626 745 862 778 vocarunt
890 728 1078 777 Inuum.
1107 729 1234 777 Huic
1268 728 1439 777 deditis
1481 729 1615 776 ludi·-

339 816 423 847 cro
440 836 461 859 ,γ
486 815 633 865 quum
658 798 855 847 solenne
887 811 1055 845 notum
1083 795 1196 845 effet
1215 834 1230 856 ‚
1270 795 1511 845 insidiatos
1547 797 1612 846 ob

337 867 455 915 iram
482 867 656 932 praedae
678 864 850 914 amissae
871 866 1079 913 latrones
1098 903 1112 924 ‚
1133 882 1280 930 quum
1304 863 1541 913 Romulus
1564 867 1615 913 vi

337 933 389 984 se
425 932 742 992 defendisset,
778 933 987 982 Remum
1026 932 1197 998 cepiffe
1235 949 1249 989 3
1283 947 1478 997 captum
1511 934 1615 1000 regi

338 1001 540 1051 Amulio
566 999 805 1050 tradidisse
829 1039 844 1060 ,
869 1016 901 1063 7
932 1000 1057 1049 uitro
1090 998 1382 1049 accusantes'.
1410 999 1614 1050 Crimini

270 1103 272 1105 v
336 1071 548 1120 maxime
582 1069 757 1118 dabant
775 1106 790 1129 ‚
822 1071 871 1116 in
900 1067 1163 1116 Numitoris
1188 1085 1326 1134 agros
1353 1068 1412 1116 ab
1434 1069 1503 1116 his
1524 1070 1615 1116 im-

335 1154 506 1204 petum
534 1136 664 1186 fieri:
699 1137 812 1185 inde
843 1154 965 1195 eos,
999 1135 1202 1184 colleffffi
1236 1133 1469 1198 juvenum
1503 1153 1613 1183 ma-

335 1223 402 1255 nu
424 1243 438 1264 ‚
458 1204 677 1253 hostilem
707 1207 753 1252 in
778 1204 980 1252 modum
999 1241 1014 1263 ,
1035 1203 1220 1269 praedas
1239 1219 1409 1268 agere3
1429 1202 1490 1252 fic
1503 1201 1614 1250 Nu-

334 1274 497 1322 mitori
523 1273 583 1320 ad
616 1273 896 1338 supplicium
926 1270 1107 1320 Remus
1139 1271 1346 1320 deditur.
1370 1270 1476 1320 Jam
1496 1271 1611 1320 inde

337 1341 398 1390 ab
432 1342 568 1390 initio
597 1340 818 1390 Faustulo
847 1339 951 1406 spes
984 1338 1174 1401 fuerat,
1205 1340 1389 1405 regiam
1416 1336 1611 1406 stirpem
1679 1365 1682 1368 ·

404 1476 425 1517 3
445 1464 664 1519 Lupercal]
685 1465 775 1505 Hoc
796 1478 945 1505 nomen

338 1527 577 1581 plerumque
608 1526 783 1581 designat
811 1527 945 1565 locum

1006 1464 1094 1504 vius
1127 1464 1175 1503 ad
1196 1461 1297 1504 VIII
1317 1459 1411 1502 AEn.
1437 1477 1480 1502 v.
1505 1473 1612 1514 343,
1678 1471 1680 1473 ’

1008 1525 1110 1580 quod
1123 1525 1235 1579 lupos
1252 1522 1444 1576 nonfirzat
1461 1528 1502 1564 ἱη
1519 1538 1611 1564 oves

338 1588 463 1642 ipsum
498 1590 536 1627 in
583 1586 764 1627 Palatino
806 1600 945 1628 monte
1001 1584 1154 1641 saevire.
1176 1586 1309 1637 Lupus
1328 1585 1432 1625 enim
1453 1583 1613 1628 Graecis

337 1647 438 1689 Pani
473 1650 612 1704 Lyceo
649 1649 943 1689 consecratum.

335 1709 418 1751 Hic
467 1710 637 1750 dubitari
682 1725 764 1750 non
812 1709 943 1763 potest

334 1773 432 1826 quin
454 1773 653 1812 referatur
665 1772 714 1811 ad
739 1772 941 1811 ludicrum.

337 1832 500 1888 Scripsit
519 1833 678 1874 fortasse
709 1833 843 1873 Livius
861 1833 942 1872 Lu-

329 1895 492 1951 percale
513 1896 583 1935 hoc
604 1895 793 1934 ludicrum
812 1922 823 1942 ,
841 1908 943 1948 quo-

335 1956 458 1996 modo
486 1957 655 1996 Sueton.
687 1956 726 1995 in
762 1957 869 2011 Aug.
901 1970 940 1998 e.

335 2028 412 2071 31.
438 2017 653 2072 Lupercale
666 2014 836 2070 sacrum.

397 2091 426 2128 4
445 2077 570 2131 Hoc]
593 2078 717 2129 Quod
736 2079 938 2132 hodieque

333 2140 440 2192 apud
458 2153 531 2179 nos
545 2141 788 2179 celebratur.
807 2139 940 2179 Sicin-

308 2224 311 2225 ν
334 2200 396 2241 fre
431 2215 469 2240 c.
502 2213 575 2249 42.
601 2200 718 2240 Hunc
738 2200 910 2240 ordinem
926 2228 939 2247 ‚

334 2261 364 2304 i.
387 2276 426 2303 e.
448 2276 537 2302 eum
555 2263 618 2316 qui
635 2261 837 2314 hodieque
857 2262 941 2302 ser-

334 2334 485 2363 vatur:
508 2324 550 2364 ὅ(
569 2323 672 2373 saepe
698 2323 808 2361 alias.

403 2401 421 2438 5
436 2388 504 2429 Ex
517 2404 562 2429 eo
578 2388 934 2442 genercArcadum]

333 2448 396 2492 Ex
423 2451 488 2490 illa
509 2450 709 2490 Arcadum
726 2450 829 2489 tribu
850 2464 936 2504 quae
955 2446 963 2452 i

332 2511 583 2554 Pallanteum
596 2512 813 2551 incolebat.

397 2573 422 2612 6
441 2572 607 2627 Lyceum
621 2571 764 2624 Pana]
782 2571 862 2612 Pan
879 2571 937 2610 di-

333 2633 410 2680 ilus
431 2634 484 2676 est
499 2634 648 2692 Lyceus
666 2660 678 2684 ,
694 2633 820 2689 inquit
838 2633 935 2674 Ser-

1009 1652 1062 1692 est
1087 1643 1258 1702 λιῖκΘο.
1286 1654 1395 1694 Idem
1430 1654 1485 1694 ait
1516 1652 1612 1694 Pani

1008 1726 1186 1756 montem
1207 1714 1383 1770 Lyceum
1415 1715 1453 1755 in
1483 1714 1611 1754 Arca·

1006 1775 1116 1816 cadia
1151 1778 1424 1818 consecratum
1474 1776 1610 1819 fuisse.

1005 1838 1072 1878 De
1104 1836 1194 1878 Inui
1221 1839 1491 1892 appellatione
1520 1837 1610 1880 vid.

1005 1899 1122 1939 Serv.
1157 1898 1208 1938 ad
1237 1900 1298 1940 VI
1316 1897 1412 1940 AEn.
1433 1913 1476 1938 v.
1499 1911 1609 1950 775.

1065 1974 1091 2012 7
1127 1959 1277 2013 Ultro]
1323 1959 1454 2014 Hujus
1491 1959 1607 2000 vocis

1002 2020 1089 2060 haec
1134 2022 1194 2061 vis
1233 2022 1318 2068 est,
1350 2031 1394 2061 ut
1436 2021 1609 2061 denotet

1002 2082 1202 2136 quidpiam
1238 2083 1323 2136 geri
1358 2083 1406 2122 ab
1438 2082 1572 2135 aliquo
1594 2113 1607 2133 ,

1003 2146 1144 2183 contra
1162 2146 1277 2196 quz'im
1307 2144 1354 2182 ab
1386 2157 1438 2183 eo
1459 2143 1607 2196 exspe-

1002 2204 1131 2244 &etur
1158 2231 1171 2253 ,
1211 2216 1279 2244 aut
1315 2203 1402 2244 fieri
1447 2204 1608 2244 deceat.

1002 2265 1066 2305 Sic
1086 2266 1164 2306 hoc
1193 2266 1288 2305 loco
1307 2266 1485 2305 latrones
1503 2292 1515 2312 ‚
1539 2265 1608 2319 qui

1005 2327 1187 2367 omnibus
1202 2327 1402 2380 suppliciis
1422 2353 1434 2373 ‚
1452 2336 1536 2365 tum
1554 2327 1607 2366 ob

1001 2387 1234 2435 latrocinia,
1252 2399 1334 2428 tum
1355 2388 1406 2427 ob
1425 2386 1603 2440 injustam

1000 2450 1078 2489 vim
1111 2450 1148 2489 in
1184 2449 1397 2489 Romulum
1433 2448 1475 2489 &
1515 2448 1603 2489 Re-

999 2525 1104 2550 mum
1121 2539 1133 2557 ‚
1162 2509 1270 2568 digni
1287 2520 1427 2562 erant,
1443 2507 1512 2565 ipsi
1529 2522 1602 2551 eos

997 2572 1201 2614 accusant.
