1652 3083
91 194 506 276 U.c.364.Praed³m
521 193 852 269 Veientanam
872 232 887 256 ,
921 193 1023 244 filio
1046 210 1241 261 quoque
1258 191 1584 244 adolescente

91 278 275 331 megs&
291 280 380 330 per
399 263 530 312 idem
548 276 742 328 tempus
761 264 957 312 orbatus
977 299 990 321 ,
1013 280 1162 329 quum
1178 263 1341 312 accitis
1362 262 1566 311 domum
1615 312 1617 314 ,

289 134 410 190 490
571 113 841 172 Τιτι
944 115 1285 171 L1v11

291 331 542 380 tribulibus
559 330 612 381 ὃ(
630 331 882 380 clientibus
900 367 915 390 ,
947 346 1053 395 quae
1080 346 1255 397 magna
1283 348 1390 398 pars
1408 329 1566 396 plebis
1612 335 1616 390 j

290 413 426 457 erat,
456 398 789 466 percun&atus
814 399 1000 447 animos
1029 414 1201 447 eorum
1232 435 1248 459 ‚
1283 397 1564 465 responsum
1615 408 1628 438 ‘-

286 465 496 527 tulisset‚
535 470 594 517 Se
635 467 881 516 collaturos
959 467 1091 514 nanti
1132 468 1378 516 damnatus
1418 463 1518 530 fft
1543 503 1563 525 ,
1616 511 1643 529 ,μ

298 550 321 602 5
349 534 571 599 abfhlvere
605 553 703 584 eum
733 552 825 584 non
855 485 980 601 poffi
1006 571 1024 593 ‚
1066 535 1116 583 in
1158 533 1370 585 exsilium
1402 535 1515 584 abiit
1548 550 1563 582 z
1614 535 1643 580 ³«.

286 618 510 670 precatus
542 603 603 652 ab
639 602 728 651 diis
761 602 1113 652 immortalibus
1133 640 1149 665 ,
1177 604 1234 652 Si
1256 604 1450 652 innoxio
1470 601 1565 665 fibi
1604 600 1623 656 -s

287 689 343 720 ea
372 670 542 737 injuria
571 671 698 735 fieret
718 707 736 729 ,
761 671 910 736 primo
949 688 1123 736 quoque
1159 686 1348 737 tempore
1393 670 1561 734 defide-

160 731 165 734 ’
208 773 211 776 -
287 741 403 788 rium
413 737 492 803 firi
509 739 693 787 cavitati
711 736 1110 805 ingrataefc'zcerent
1129 756 1151 798 ,·
1185 738 1353 788 absens
1373 737 1404 788 6
1425 738 1568 805 quin·
1651 738 1652 741 ’

135 1077 435 1149 Legacilegati
475 1078 534 1126 ab
566 1075 772 1128 Clufinis
802 1081 1038 1140 veniunt,
1067 1079 1294 1129 auxilium
1332 1077 1566 1127 adversus
1608 1075 1611 1139 [

86 1154 235 1208 Clusini

85 1217 276 1257 auxilium
289 1213 546 1263 dulcedine
569 1213 795 1283 frugum,
827 1218 1131 1283 maximeque
1160 1218 1262 1265 vini
1294 1213 1427 1265 nova
1461 1227 1566 1262 tum
1605 1261 1613 1270 ,,

80 1291 223 1335 Fit-'int

85 1353 226 1379 contra

88 1400 250 1442 Gallos.
292 1419 301 1429 ·

221 2027 223 2029 Ι
285 1961 516 2014 ειάἆιιξὶοε
541 1979 553 2011 2
584 1961 666 2012 sed
686 1980 774 2013 eos
796 1966 877 2031 qui
899 1964 1292 2031 oppugnaverint
1314 1960 1531 2011 Clusium
1551 1995 1571 2025 ‚-

1626 581 1643 780 Ξ

287 806 447 856 decim
480 805 688 853 millibus
717 808 873 873 gravis
897 807 1000 855 aeris
1023 807 1293 857 damnatur.
1613 778 1641 869 'l

355 871 595 922 XXXIII.
641 871 854 941 Expulso
887 875 994 926 cive
1017 912 1033 935 ‚
1073 892 1172 942 quo
1215 885 1447 924 manente
1471 908 1487 933 ,
1527 869 1566 923 fi
1614 868 1639 972 3

285 940 542 1008 quicquam
587 941 911 991 humanorum
957 942 1074 992 certi
1109 940 1214 1003 est,
1258 942 1365 1007 capi
1401 939 1566 990 Roma
1619 944 1638 1002 ξι,

286 1027 390 1058 non
429 1025 691 1076 potuerat3
736 1010 1028 1061 adventante
1074 1008 1204 1061 fatali
1235 1012 1341 1059 urbi
1376 1008 1515 1058 clade
1550 1044 1568 1070 ,
1635 1066 1638 1073 ,

289 1143 461 1195 Gallos
492 1159 736 1212 petentes,
775 1144 896 1197 Earn
926 1162 1121 1214 gentem
1156 1147 1356 1196 traditur
1398 1144 1526 1194 fama
1549 1181 1568 1207 ‚

288 1282 544 1347 voluptate
577 1297 769 1350 captam
798 1321 813 1345 ‚
861 1283 1014 1351 Alpes
1041 1282 1248 1333 transisse
1268 1319 1284 1344 ,
1328 1279 1567 1350 agrosque
1604 1280 1617 1349 ς’

291 1350 350 1399 ab
383 1349 587 1399 Etruscis
617 1352 728 1401 ante
753 1351 909 1401 cultos
941 1350 1190 1418 possedisse
1216 1369 1227 1400 ε
1262 1350 1314 1400 &
1335 1347 1567 1400 invexiffe
1605 1352 1613 1386 3

289 1436 339 1467 in
360 1417 572 1468 Galliam
589 1421 759 1470 vinum
775 1419 1030 1469 illiciendae
1053 1420 1208 1487 gentis
1229 1419 1369 1468 causa
1395 1416 1568 1467 Arun-

283 1500 385 1536 tem
417 1486 666 1536 Clusinum
688 1525 702 1548 ‚
730 1487 802 1537 ira
829 1503 1065 1555 corruptae
1098 1487 1261 1537 uxoris
1298 1486 1357 1535 ab
1394 1485 1563 1534 Lucu-
1599 1503 1619 1540 .j.

284 1571 434 1604 mone
455 1593 468 1615 ,
500 1556 576 1603 cui
599 1570 733 1605 tutor
763 1557 800 1604 is
824 1555 977 1606 fuerat
1003 1555 1131 1622 ipse,
1161 1562 1467 1622 praepote'nte
1491 1551 1567 1618 ju·

283 1638 413 1672 vene
437 1660 452 1682 ‚
487 1623 538 1671 ὃς
567 1640 595 1670 a
622 1641 720 1690 quo
741 1626 905 1689 expeti
938 1642 1095 1691 poenae
1116 1661 1130 1683 ‚
1170 1621 1253 1672 nisi
1276 1637 1475 1672 externa
1491 1622 1567 1671 vis
1600 1619 1632 1690 Υζ,

285 1689 479 1757 quaesita
515 1688 631 1740 esset
659 1728 674 1752 ‚
716 1693 971 1758 nequirent
1001 1709 1012 1741 ε
1058 1692 1185 1741 hunc
1218 1689 1570 1740 transeuntibus
1599 1696 1629 1751 {2

285 1759 443 1825 Alpes
489 1758 660 1809 ducem
691 1795 708 1818 ‚
763 1758 1109 1826 austoremque
1151 1756 1368 1809 Clusium
1398 1774 1570 1823 oppu-
1599 1751 1629 1824 ’ἕξ

321 1826 467 1876 nandi
500 1825 651 1876 fuisse.
684 1824 925 1893 Equidem
963 1827 1092 1877 haud
1123 1826 1373 1876 abnuerim
1393 1863 1407 1886 ‚
1437 1822 1569 1876 Clu-

283 1843 404 1944 {ium
436 1891 610 1944 Gallos
631 1894 690 1944 ab
711 1894 899 1946 Arunte
926 1933 942 1956 ,
971 1895 1052 1945 seu
1084 1913 1183 1962 quo
1209 1894 1305 1944 alio
1333 1891 1532 1943 Clusino
1550 1929 1571 1957 ,
1589 1900 1606 1955 ”,

284 2049 387 2081 non
424 2028 557 2080 fuiffe
601 2030 684 2098 qui
726 2032 869 2098 primi
900 2031 1054 2098 Alpes
1097 2028 1364 2079 tranfierint
1397 2066 1414 2090 ,
1460 2028 1569 2080 satis

286 2096 490 2149 constat.
546 2096 786 2148 Ducentis
831 2101 1016 2168 quippe
1055 2099 1191 2148 annis
1225 2097 1337 2146 ante
1361 2134 1376 2157 ,
1418 2096 1594 2164 quam
1631 2156 1633 2163 Α

287 2165 504 2218 Clusium
532 2183 875 2235 oppugnarent
897 2205 914 2230 ‚
948 2167 1219 2234 urbemque
1249 2164 1464 2215 Romam
1487 2183 1593 2216 car

286 2279 347 2322 sas
365 2277 443 2321 effe
463 2277 704 2336 {astabatun
723 2278 833 2322 Plut.
853 2278 895 2337 in
956 2277 1245 2320 absolvendum
1262 2291 1344 2318 non
1356 2276 1504 2332 posset.
1583 2290 1590 2298 ⁴

289 2341 409 2383 Cam.
1019 2338 1048 2381 6
1099 2337 1335 2398 Quindecim
1390 2338 1582 2398 millibus·

356 2415 376 2454 5
410 2399 629 2457 Absolvere
648 2401 768 2456 eum]
800 2399 897 2443 Effi·
955 2399 1089 2458 gravis
1116 2400 1243 2454 aeris]
1282 2400 1328 2441 Id
1360 2399 1416 2444 est
1447 2428 1461 2450 ,
1504 2408 1581 2443 ar-'

288 2478 384 2505 cere
401 2475 446 2506 ut
466 2464 771 2511 absolvet-etun
803 2463 897 2519 quia
959 2461 1073 2518 genti
1106 2462 1250 2504 marcis
1287 2460 1578 2507 Parifienfibus·

286 2524 416 2578 major
455 2539 548 2581 pars·
578 2525 719 2580 populi
756 2523 816 2567 ira
854 2524 899 2568 &
960 2536 1016 2577 23
1039 2523 1166 2572 unciis
1189 2523 1320 2571 tribus
1344 2538 1435 2571 cum
1451 2523 1583 2576 dimi-,²

287 2587 564 2642 indignatione
582 2584 775 2629 adversus
801 2599 895 2627 eum
957 2585 1041 2633 di'a.

287 2647 549 2699 inflammata,
576 2648 722 2692 adduci
736 2647 788 2692 ad
803 2661 896 2692 eum
