<?xml version="1.0" encoding="UTF-8"?>
<!DOCTYPE html PUBLIC "-//W3C//DTD XHTML 1.0 Transitional//EN"
    "http://www.w3.org/TR/xhtml1/DTD/xhtml1-transitional.dtd">
<html xmlns="http://www.w3.org/1999/xhtml" xml:lang="en" lang="en">
 <head>
  <title>
</title>
<meta http-equiv="Content-Type" content="text/html;charset=utf-8" />
  <meta name='ocr-system' content='tesseract 3.04.00' />
  <meta name='ocr-capabilities' content='ocr_page ocr_carea ocr_par ocr_line ocrx_word'/>
</head>
<body>
  <div class='ocr_page' id='page_1' title='image "./tliviipatavinihi0101livy_0063.png"; bbox 0 0 1653 3078; ppageno 0'>
   <div class='ocr_carea' id='block_1_1' title="bbox 504 53 998 109">
    <p class='ocr_par' dir='ltr' id='par_1_1' title="bbox 504 53 998 109">
     <span class='ocr_line' id='line_1_1' title="bbox 504 53 998 109; baseline -0.002 -1"><span class='ocrx_word' id='word_1_1' title='bbox 504 53 860 108; x_wconf 75' lang='lat' dir='ltr'>LtssER</span> <span class='ocrx_word' id='word_1_2' title='bbox 954 54 998 109; x_wconf 89' lang='grc' dir='ltr'>Ι.</span> 
     </span>
    </p>
   </div>
   <div class='ocr_carea' id='block_1_2' title="bbox 1311 71 1390 131">
    <p class='ocr_par' dir='ltr' id='par_1_2' title="bbox 1311 71 1390 131">
     <span class='ocr_line' id='line_1_2' title="bbox 1311 71 1390 131; baseline 0 0"><span class='ocrx_word' id='word_1_3' title='bbox 1311 71 1390 131; x_wconf 66' lang='lat'>19</span> 
     </span>
    </p>
   </div>
   <div class='ocr_carea' id='block_1_3' title="bbox 111 129 1387 534">
    <p class='ocr_par' dir='ltr' id='par_1_3' title="bbox 111 129 1387 534">
     <span class='ocr_line' id='line_1_3' title="bbox 119 129 1385 199; baseline 0.004 -19"><span class='ocrx_word' id='word_1_4' title='bbox 119 145 144 198; x_wconf 79' lang='lat'>3</span> <span class='ocrx_word' id='word_1_5' title='bbox 179 129 435 180; x_wconf 80' lang='lat' dir='ltr'>munirent.</span> <span class='ocrx_word' id='word_1_6' title='bbox 457 129 688 190; x_wconf 83' lang='lat' dir='ltr'><strong>Deinde,</strong></span> <span class='ocrx_word' id='word_1_7' title='bbox 715 146 776 178; x_wconf 88' lang='lat' dir='ltr'>ne</span> <span class='ocrx_word' id='word_1_8' title='bbox 792 147 917 180; x_wconf 87' lang='lat' dir='ltr'>vana</span> <span class='ocrx_word' id='word_1_9' title='bbox 940 131 1067 178; x_wconf 88' lang='lat' dir='ltr'>urbis</span> <span class='ocrx_word' id='word_1_10' title='bbox 1096 135 1385 199; x_wconf 81' lang='lat' dir='ltr'><strong>magnitudo</strong></span> 
     </span>
     <span class='ocr_line' id='line_1_4' title="bbox 115 197 1387 263; baseline 0 -15"><span class='ocrx_word' id='word_1_11' title='bbox 115 197 269 256; x_wconf 78' lang='lat' dir='ltr'>ess&#39;et,</span> <span class='ocrx_word' id='word_1_12' title='bbox 305 197 583 263; x_wconf 77' lang='lat' dir='ltr'>adjiciendae</span> <span class='ocrx_word' id='word_1_13' title='bbox 631 197 944 247; x_wconf 84' lang='lat' dir='ltr'>multitudinis</span> <span class='ocrx_word' id='word_1_14' title='bbox 989 200 1129 246; x_wconf 61' lang='lat' dir='ltr'>causa</span> <span class='ocrx_word' id='word_1_15' title='bbox 1153 237 1167 258; x_wconf 80' lang='grc'>,</span> <span class='ocrx_word' id='word_1_16' title='bbox 1216 219 1387 253; x_wconf 80' lang='lat' dir='ltr'>vetere</span> 
     </span>
     <span class='ocr_line' id='line_1_5' title="bbox 113 265 1385 330; baseline 0.004 -17"><span class='ocrx_word' id='word_1_17' title='bbox 113 265 310 315; x_wconf 70' lang='lat' dir='ltr'>consilio</span> <span class='ocrx_word' id='word_1_18' title='bbox 351 267 663 315; x_wconf 88' lang='lat' dir='ltr'>condentium</span> <span class='ocrx_word' id='word_1_19' title='bbox 697 266 837 314; x_wconf 88' lang='lat' dir='ltr'>urbes</span> <span class='ocrx_word' id='word_1_20' title='bbox 858 302 872 323; x_wconf 94' lang='lat'><strong>‚</strong></span> <span class='ocrx_word' id='word_1_21' title='bbox 907 265 989 330; x_wconf 92' lang='lat' dir='ltr'>qui</span> <span class='ocrx_word' id='word_1_22' title='bbox 1031 265 1278 316; x_wconf 86' lang='lat' dir='ltr'>obscuram</span> <span class='ocrx_word' id='word_1_23' title='bbox 1310 286 1385 320; x_wconf 85' lang='lat' dir='ltr'>at-</span> 
     </span>
     <span class='ocr_line' id='line_1_6' title="bbox 111 331 1383 399; baseline 0.005 -20"><span class='ocrx_word' id='word_1_24' title='bbox 111 349 206 398; x_wconf 90' lang='lat' dir='ltr'>que</span> <span class='ocrx_word' id='word_1_25' title='bbox 233 334 463 382; x_wconf 86' lang='lat' dir='ltr'>humilem</span> <span class='ocrx_word' id='word_1_26' title='bbox 491 334 763 382; x_wconf 89' lang='lat' dir='ltr'>conciendo</span> <span class='ocrx_word' id='word_1_27' title='bbox 804 333 865 381; x_wconf 90' lang='lat' dir='ltr'>ad</span> <span class='ocrx_word' id='word_1_28' title='bbox 898 331 946 381; x_wconf 90' lang='lat' dir='ltr'>se</span> <span class='ocrx_word' id='word_1_29' title='bbox 982 332 1336 384; x_wconf 81' lang='lat' dir='ltr'>multitudinem</span> <span class='ocrx_word' id='word_1_30' title='bbox 1366 374 1383 399; x_wconf 87' lang='lat'><strong>,</strong></span> 
     </span>
     <span class='ocr_line' id='line_1_7' title="bbox 111 399 1383 468; baseline 0.002 -21"><span class='ocrx_word' id='word_1_31' title='bbox 111 414 271 448; x_wconf 86' lang='lat' dir='ltr'>natam</span> <span class='ocrx_word' id='word_1_32' title='bbox 297 417 324 449; x_wconf 89' lang='lat' dir='ltr'>e</span> <span class='ocrx_word' id='word_1_33' title='bbox 347 416 472 449; x_wconf 86' lang='lat' dir='ltr'>terra</span> <span class='ocrx_word' id='word_1_34' title='bbox 495 400 580 449; x_wconf 84' lang='lat' dir='ltr'>fibi</span> <span class='ocrx_word' id='word_1_35' title='bbox 607 402 796 468; x_wconf 87' lang='lat' dir='ltr'>prolem</span> <span class='ocrx_word' id='word_1_36' title='bbox 815 399 1195 449; x_wconf 82' lang='lat' dir='ltr'>ementiebantur</span> <span class='ocrx_word' id='word_1_37' title='bbox 1214 438 1230 460; x_wconf 84' lang='lat'>‚</span> <span class='ocrx_word' id='word_1_38' title='bbox 1255 421 1286 461; x_wconf 84' lang='lat'>4</span> <span class='ocrx_word' id='word_1_39' title='bbox 1307 405 1383 451; x_wconf 94' lang='lat' dir='ltr'>lo-</span> 
     </span>
     <span class='ocr_line' id='line_1_8' title="bbox 112 467 1379 534; baseline 0.005 -20"><span class='ocrx_word' id='word_1_40' title='bbox 112 483 223 515; x_wconf 89' lang='lat' dir='ltr'>cum</span> <span class='ocrx_word' id='word_1_41' title='bbox 252 470 332 534; x_wconf 89' lang='lat' dir='ltr'>qui</span> <span class='ocrx_word' id='word_1_42' title='bbox 353 485 478 518; x_wconf 90' lang='lat' dir='ltr'>nunc</span> <span class='ocrx_word' id='word_1_43' title='bbox 505 469 662 534; x_wconf 86' lang='lat' dir='ltr'>septus</span> <span class='ocrx_word' id='word_1_44' title='bbox 681 467 1077 517; x_wconf 84' lang='lat' dir='ltr'>descendentibus</span> <span class='ocrx_word' id='word_1_45' title='bbox 1108 469 1234 516; x_wconf 88' lang='lat' dir='ltr'>inter</span> <span class='ocrx_word' id='word_1_46' title='bbox 1258 470 1379 520; x_wconf 88' lang='lat' dir='ltr'>duos</span> 
     </span>
    </p>
   </div>
   <div class='ocr_carea' id='block_1_4' title="bbox 107 533 1594 667">
    <p class='ocr_par' dir='ltr' id='par_1_4' title="bbox 107 533 1594 667">
     <span class='ocr_line' id='line_1_9' title="bbox 107 533 1594 602; baseline 0.003 -21"><span class='ocrx_word' id='word_1_47' title='bbox 107 533 242 583; x_wconf 89' lang='lat' dir='ltr'>lucos</span> <span class='ocrx_word' id='word_1_48' title='bbox 273 534 369 596; x_wconf 78' lang='lat' dir='ltr'>est,</span> <span class='ocrx_word' id='word_1_49' title='bbox 398 552 418 602; x_wconf 86' lang='lat'>5</span> <span class='ocrx_word' id='word_1_50' title='bbox 451 536 653 602; x_wconf 85' lang='lat' dir='ltr'>Asylum</span> <span class='ocrx_word' id='word_1_51' title='bbox 677 537 826 602; x_wconf 88' lang='lat' dir='ltr'>aperit</span> <span class='ocrx_word' id='word_1_52' title='bbox 849 536 944 594; x_wconf 75' lang='lat' dir='ltr'>3eb</span> <span class='ocrx_word' id='word_1_53' title='bbox 972 551 1030 582; x_wconf 85' lang='lat' dir='ltr'>ex</span> <span class='ocrx_word' id='word_1_54' title='bbox 1059 533 1270 584; x_wconf 84' lang='lat' dir='ltr'>finitimis</span> <span class='ocrx_word' id='word_1_55' title='bbox 1288 555 1379 602; x_wconf 94' lang='lat' dir='ltr'>po-</span> <span class='ocrx_word' id='word_1_56' title='bbox 1426 544 1594 602; x_wconf 65' lang='lat' dir='ltr'>Asylum</span> 
     </span>
     <span class='ocr_line' id='line_1_10' title="bbox 108 601 1543 667; baseline 0.001 -17"><span class='ocrx_word' id='word_1_57' title='bbox 108 602 231 667; x_wconf 87' lang='lat' dir='ltr'>pulis</span> <span class='ocrx_word' id='word_1_58' title='bbox 253 605 392 652; x_wconf 85' lang='lat' dir='ltr'>turba</span> <span class='ocrx_word' id='word_1_59' title='bbox 411 606 567 653; x_wconf 87' lang='lat' dir='ltr'>omnis</span> <span class='ocrx_word' id='word_1_60' title='bbox 584 642 599 666; x_wconf 93' lang='lat'>‚</span> <span class='ocrx_word' id='word_1_61' title='bbox 617 604 715 652; x_wconf 85' lang='lat' dir='ltr'>fine</span> <span class='ocrx_word' id='word_1_62' title='bbox 733 601 997 651; x_wconf 81' lang='lat' dir='ltr'>discrimine</span> <span class='ocrx_word' id='word_1_63' title='bbox 1013 640 1028 663; x_wconf 86' lang='lat'>‚</span> <span class='ocrx_word' id='word_1_64' title='bbox 1058 602 1178 651; x_wconf 89' lang='lat' dir='ltr'>liber</span> <span class='ocrx_word' id='word_1_65' title='bbox 1200 622 1259 652; x_wconf 88' lang='lat' dir='ltr'>an</span> <span class='ocrx_word' id='word_1_66' title='bbox 1280 604 1381 654; x_wconf 85' lang='lat' dir='ltr'>ser-</span> <span class='ocrx_word' id='word_1_67' title='bbox 1400 610 1543 661; x_wconf 76' lang='lat' dir='ltr'>aperit.</span> 
     </span>
    </p>
   </div>
   <div class='ocr_carea' id='block_1_5' title="bbox 108 669 1382 805">
    <p class='ocr_par' dir='ltr' id='par_1_5' title="bbox 108 669 1382 805">
     <span class='ocr_line' id='line_1_11' title="bbox 108 669 1382 739; baseline 0.002 -20"><span class='ocrx_word' id='word_1_68' title='bbox 108 686 198 719; x_wconf 87' lang='lat' dir='ltr'>vus</span> <span class='ocrx_word' id='word_1_69' title='bbox 232 669 379 731; x_wconf 69' lang='lat' dir='ltr'>esset,</span> <span class='ocrx_word' id='word_1_70' title='bbox 414 673 555 722; x_wconf 80' lang='lat' dir='ltr'>avida</span> <span class='ocrx_word' id='word_1_71' title='bbox 587 687 825 721; x_wconf 87' lang='lat' dir='ltr'>novarum</span> <span class='ocrx_word' id='word_1_72' title='bbox 851 687 1008 718; x_wconf 88' lang='lat' dir='ltr'>rerum</span> <span class='ocrx_word' id='word_1_73' title='bbox 1044 669 1254 739; x_wconf 80' lang='lat' dir='ltr'>perfugit</span> <span class='ocrx_word' id='word_1_74' title='bbox 1276 689 1287 720; x_wconf 91' lang='lat'><strong>:</strong></span> <span class='ocrx_word' id='word_1_75' title='bbox 1308 674 1382 722; x_wconf 86' lang='lat' dir='ltr'>id·</span> 
     </span>
     <span class='ocr_line' id='line_1_12' title="bbox 109 740 1379 805; baseline 0.004 -21"><span class='ocrx_word' id='word_1_76' title='bbox 109 753 204 802; x_wconf 87' lang='lat' dir='ltr'>que</span> <span class='ocrx_word' id='word_1_77' title='bbox 235 742 440 802; x_wconf 85' lang='lat' dir='ltr'>primum</span> <span class='ocrx_word' id='word_1_78' title='bbox 472 740 534 788; x_wconf 86' lang='lat' dir='ltr'>ad</span> <span class='ocrx_word' id='word_1_79' title='bbox 565 752 778 805; x_wconf 89' lang='lat' dir='ltr'>coeptam</span> <span class='ocrx_word' id='word_1_80' title='bbox 807 740 1187 805; x_wconf 84' lang='lat' dir='ltr'>magnitudinem</span> <span class='ocrx_word' id='word_1_81' title='bbox 1223 740 1379 789; x_wconf 88' lang='lat' dir='ltr'>robo-</span> 
     </span>
    </p>
   </div>
   <div class='ocr_carea' id='block_1_6' title="bbox 106 803 312 853">
    <p class='ocr_par' dir='ltr' id='par_1_6' title="bbox 106 803 312 853">
     <span class='ocr_line' id='line_1_13' title="bbox 106 803 312 853; baseline 0.005 -1"><span class='ocrx_word' id='word_1_82' title='bbox 106 806 170 852; x_wconf 86' lang='lat' dir='ltr'>ris</span> <span class='ocrx_word' id='word_1_83' title='bbox 206 803 312 853; x_wconf 88' lang='lat' dir='ltr'>fuit.</span> 
     </span>
    </p>
   </div>
   <div class='ocr_carea' id='block_1_7' title="bbox 109 805 1586 939">
    <p class='ocr_par' dir='ltr' id='par_1_7' title="bbox 109 805 1586 939">
     <span class='ocr_line' id='line_1_14' title="bbox 357 805 1586 872; baseline -0.001 -16"><span class='ocrx_word' id='word_1_84' title='bbox 357 807 529 872; x_wconf 83' lang='lat' dir='ltr'>Quum</span> <span class='ocrx_word' id='word_1_85' title='bbox 560 805 658 871; x_wconf 81' lang='lat' dir='ltr'>jam</span> <span class='ocrx_word' id='word_1_86' title='bbox 693 806 868 855; x_wconf 85' lang='lat' dir='ltr'>virium</span> <span class='ocrx_word' id='word_1_87' title='bbox 919 805 1044 853; x_wconf 85' lang='lat' dir='ltr'>haud</span> <span class='ocrx_word' id='word_1_88' title='bbox 1083 810 1378 871; x_wconf 81' lang='lat' dir='ltr'>poeniteret,</span> <span class='ocrx_word' id='word_1_89' title='bbox 1399 809 1586 851; x_wconf 74' lang='lat' dir='ltr'>Senatum</span> 
     </span>
     <span class='ocr_line' id='line_1_15' title="bbox 109 871 1581 939; baseline 0.002 -19"><span class='ocrx_word' id='word_1_90' title='bbox 109 871 141 920; x_wconf 89' lang='lat'><strong>6</strong></span> <span class='ocrx_word' id='word_1_91' title='bbox 167 873 414 922; x_wconf 87' lang='lat' dir='ltr'>confilium</span> <span class='ocrx_word' id='word_1_92' title='bbox 445 875 620 925; x_wconf 82' lang='lat' dir='ltr'>deinde</span> <span class='ocrx_word' id='word_1_93' title='bbox 639 873 816 923; x_wconf 90' lang='lat' dir='ltr'>viribus</span> <span class='ocrx_word' id='word_1_94' title='bbox 837 887 970 939; x_wconf 84' lang='lat' dir='ltr'>parat</span> <span class='ocrx_word' id='word_1_95' title='bbox 997 890 1011 931; x_wconf 80' lang='lat'><em>3</em></span> <span class='ocrx_word' id='word_1_96' title='bbox 1037 889 1231 922; x_wconf 88' lang='lat' dir='ltr'>centum</span> <span class='ocrx_word' id='word_1_97' title='bbox 1249 892 1379 926; x_wconf 85' lang='lat' dir='ltr'>creat</span> <span class='ocrx_word' id='word_1_98' title='bbox 1395 871 1581 924; x_wconf 45' lang='lat' dir='ltr'>institui&amp;</span> 
     </span>
    </p>
   </div>
   <div class='ocr_carea' id='block_1_8' title="bbox 107 937 1381 1078">
    <p class='ocr_par' dir='ltr' id='par_1_8' title="bbox 107 937 1381 1078">
     <span class='ocr_line' id='line_1_16' title="bbox 107 937 1380 1009; baseline 0.005 -22"><span class='ocrx_word' id='word_1_99' title='bbox 107 937 381 1003; x_wconf 81' lang='lat' dir='ltr'>senatores,</span> <span class='ocrx_word' id='word_1_100' title='bbox 410 941 511 992; x_wconf 88' lang='lat' dir='ltr'>five</span> <span class='ocrx_word' id='word_1_101' title='bbox 540 945 650 1009; x_wconf 87' lang='lat' dir='ltr'>quia</span> <span class='ocrx_word' id='word_1_102' title='bbox 678 943 714 989; x_wconf 86' lang='lat' dir='ltr'>is</span> <span class='ocrx_word' id='word_1_103' title='bbox 744 957 969 990; x_wconf 87' lang='lat' dir='ltr'>numerus</span> <span class='ocrx_word' id='word_1_104' title='bbox 990 939 1095 988; x_wconf 84' lang='lat' dir='ltr'>satis</span> <span class='ocrx_word' id='word_1_105' title='bbox 1121 957 1221 991; x_wconf 88' lang='lat' dir='ltr'>erat</span> <span class='ocrx_word' id='word_1_106' title='bbox 1239 981 1253 1003; x_wconf 92' lang='lat'>‚</span> <span class='ocrx_word' id='word_1_107' title='bbox 1276 943 1380 995; x_wconf 84' lang='lat' dir='ltr'>five</span> 
     </span>
     <span class='ocr_line' id='line_1_17' title="bbox 108 1009 1381 1078; baseline 0.005 -23"><span class='ocrx_word' id='word_1_108' title='bbox 108 1009 219 1073; x_wconf 90' lang='lat' dir='ltr'>quia</span> <span class='ocrx_word' id='word_1_109' title='bbox 246 1010 334 1058; x_wconf 85' lang='lat' dir='ltr'>soli</span> <span class='ocrx_word' id='word_1_110' title='bbox 364 1024 560 1059; x_wconf 88' lang='lat' dir='ltr'>centum</span> <span class='ocrx_word' id='word_1_111' title='bbox 590 1023 724 1060; x_wconf 83' lang='lat' dir='ltr'>erant</span> <span class='ocrx_word' id='word_1_112' title='bbox 742 1025 774 1073; x_wconf 94' lang='lat'><em>7</em></span> <span class='ocrx_word' id='word_1_113' title='bbox 808 1010 888 1076; x_wconf 86' lang='lat' dir='ltr'>qui</span> <span class='ocrx_word' id='word_1_114' title='bbox 917 1011 1067 1057; x_wconf 84' lang='lat' dir='ltr'>creari</span> <span class='ocrx_word' id='word_1_115' title='bbox 1086 1009 1247 1058; x_wconf 85' lang='lat' dir='ltr'>Patres</span> <span class='ocrx_word' id='word_1_116' title='bbox 1265 1012 1381 1078; x_wconf 84' lang='lat' dir='ltr'>pos-</span> 
     </span>
    </p>
   </div>
   <div class='ocr_carea' id='block_1_9' title="bbox 104 1097 715 2132">
    <p class='ocr_par' dir='ltr' id='par_1_9' title="bbox 104 1097 715 1997">
     <span class='ocr_line' id='line_1_18' title="bbox 108 1097 712 1151; baseline 0.002 -15"><span class='ocrx_word' id='word_1_117' title='bbox 108 1097 211 1150; x_wconf 74' lang='lat' dir='ltr'>dites</span> <span class='ocrx_word' id='word_1_118' title='bbox 229 1125 241 1144; x_wconf 90' lang='lat'>‚</span> <span class='ocrx_word' id='word_1_119' title='bbox 262 1098 303 1139; x_wconf 87' lang='lat'>&amp;</span> <span class='ocrx_word' id='word_1_120' title='bbox 320 1099 531 1151; x_wconf 81' lang='lat' dir='ltr'>pauciores</span> <span class='ocrx_word' id='word_1_121' title='bbox 549 1109 712 1138; x_wconf 87' lang='lat' dir='ltr'>trecen·</span> 
     </span>
     <span class='ocr_line' id='line_1_19' title="bbox 110 1157 711 1212; baseline 0 -15"><span class='ocrx_word' id='word_1_122' title='bbox 110 1157 160 1199; x_wconf 86' lang='lat' dir='ltr'>tis</span> <span class='ocrx_word' id='word_1_123' title='bbox 189 1159 405 1212; x_wconf 86' lang='lat' dir='ltr'>equitibus.</span> <span class='ocrx_word' id='word_1_124' title='bbox 427 1161 490 1200; x_wconf 78' lang='lat' dir='ltr'>Ad</span> <span class='ocrx_word' id='word_1_125' title='bbox 508 1173 593 1199; x_wconf 81' lang='lat' dir='ltr'>eam</span> <span class='ocrx_word' id='word_1_126' title='bbox 611 1172 711 1212; x_wconf 81' lang='lat' dir='ltr'>pau-</span> 
     </span>
     <span class='ocr_line' id='line_1_20' title="bbox 111 1221 711 1275; baseline -0.003 -16"><span class='ocrx_word' id='word_1_127' title='bbox 111 1221 274 1260; x_wconf 87' lang='lat' dir='ltr'>citatem</span> <span class='ocrx_word' id='word_1_128' title='bbox 334 1222 426 1261; x_wconf 84' lang='lat' dir='ltr'>illos</span> <span class='ocrx_word' id='word_1_129' title='bbox 497 1222 711 1275; x_wconf 81' lang='lat' dir='ltr'>redegerat</span> 
     </span>
     <span class='ocr_line' id='line_1_21' title="bbox 111 1281 711 1323; baseline -0.002 -2"><span class='ocrx_word' id='word_1_130' title='bbox 111 1293 322 1323; x_wconf 84' lang='lat' dir='ltr'>cruentum</span> <span class='ocrx_word' id='word_1_131' title='bbox 355 1283 460 1322; x_wconf 81' lang='lat' dir='ltr'>inter</span> <span class='ocrx_word' id='word_1_132' title='bbox 493 1281 711 1323; x_wconf 83' lang='lat' dir='ltr'>Romulum</span> 
     </span>
     <span class='ocr_line' id='line_1_22' title="bbox 108 1342 712 1398; baseline -0.003 -16"><span class='ocrx_word' id='word_1_133' title='bbox 108 1357 156 1382; x_wconf 85' lang='lat' dir='ltr'>ac</span> <span class='ocrx_word' id='word_1_134' title='bbox 170 1342 338 1384; x_wconf 85' lang='lat' dir='ltr'>Remum</span> <span class='ocrx_word' id='word_1_135' title='bbox 359 1345 409 1383; x_wconf 93' lang='lat' dir='ltr'>ob</span> <span class='ocrx_word' id='word_1_136' title='bbox 429 1344 539 1398; x_wconf 82' lang='lat' dir='ltr'>regni</span> <span class='ocrx_word' id='word_1_137' title='bbox 559 1342 712 1397; x_wconf 86' lang='lat' dir='ltr'>cupidi-</span> 
     </span>
     <span class='ocr_line' id='line_1_23' title="bbox 109 1404 712 1457; baseline -0.002 -13"><span class='ocrx_word' id='word_1_138' title='bbox 109 1419 203 1444; x_wconf 87' lang='lat' dir='ltr'>nem</span> <span class='ocrx_word' id='word_1_139' title='bbox 231 1404 424 1457; x_wconf 83' lang='lat' dir='ltr'>praeliurn.</span> <span class='ocrx_word' id='word_1_140' title='bbox 447 1405 621 1456; x_wconf 82' lang='lat' dir='ltr'>Quando</span> <span class='ocrx_word' id='word_1_141' title='bbox 640 1418 712 1443; x_wconf 83' lang='lat' dir='ltr'>au·</span> 
     </span>
     <span class='ocr_line' id='line_1_24' title="bbox 110 1465 711 1507; baseline -0.002 -2"><span class='ocrx_word' id='word_1_142' title='bbox 110 1476 192 1505; x_wconf 88' lang='lat' dir='ltr'>tem</span> <span class='ocrx_word' id='word_1_143' title='bbox 211 1465 405 1506; x_wconf 84' lang='lat' dir='ltr'>Romulus</span> <span class='ocrx_word' id='word_1_144' title='bbox 432 1465 593 1506; x_wconf 81' lang='lat' dir='ltr'>exceffit</span> <span class='ocrx_word' id='word_1_145' title='bbox 609 1480 631 1507; x_wconf 93' lang='lat' dir='ltr'>e</span> <span class='ocrx_word' id='word_1_146' title='bbox 650 1465 711 1504; x_wconf 89' lang='lat' dir='ltr'>vi-</span> 
     </span>
     <span class='ocr_line' id='line_1_25' title="bbox 110 1526 711 1581; baseline -0.002 -14"><span class='ocrx_word' id='word_1_147' title='bbox 110 1526 171 1567; x_wconf 79' lang='lat' dir='ltr'>vis</span> <span class='ocrx_word' id='word_1_148' title='bbox 190 1554 203 1574; x_wconf 89' lang='lat'><strong><em>‚</em></strong></span> <span class='ocrx_word' id='word_1_149' title='bbox 238 1527 415 1581; x_wconf 83' lang='lat' dir='ltr'>peditum</span> <span class='ocrx_word' id='word_1_150' title='bbox 455 1528 617 1581; x_wconf 88' lang='lat' dir='ltr'>reliquit</span> <span class='ocrx_word' id='word_1_151' title='bbox 646 1526 711 1566; x_wconf 83' lang='lat' dir='ltr'>fex</span> 
     </span>
     <span class='ocr_line' id='line_1_26' title="bbox 110 1587 711 1643; baseline 0 -13"><span class='ocrx_word' id='word_1_152' title='bbox 110 1588 154 1630; x_wconf 86' lang='lat'>&amp;</span> <span class='ocrx_word' id='word_1_153' title='bbox 193 1588 450 1643; x_wconf 73' lang='lat' dir='ltr'>quadraginta</span> <span class='ocrx_word' id='word_1_154' title='bbox 481 1589 637 1635; x_wconf 82' lang='lat' dir='ltr'>millia,</span> <span class='ocrx_word' id='word_1_155' title='bbox 668 1587 711 1630; x_wconf 72' lang='grc' dir='ltr'>ὃ(</span> 
     </span>
     <span class='ocr_line' id='line_1_27' title="bbox 111 1649 552 1703; baseline -0.002 -13"><span class='ocrx_word' id='word_1_156' title='bbox 111 1649 219 1690; x_wconf 82' lang='lat' dir='ltr'>mille</span> <span class='ocrx_word' id='word_1_157' title='bbox 238 1650 362 1690; x_wconf 85' lang='lat' dir='ltr'>ferme</span> <span class='ocrx_word' id='word_1_158' title='bbox 381 1650 552 1703; x_wconf 81' lang='lat' dir='ltr'>equites.</span> 
     </span>
     <span class='ocr_line' id='line_1_28' title="bbox 104 1710 714 1764; baseline -0.002 -14"><span class='ocrx_word' id='word_1_159' title='bbox 104 1712 110 1719; x_wconf 77' lang='lat'><em>&#39;</em></span> <span class='ocrx_word' id='word_1_160' title='bbox 177 1721 196 1763; x_wconf 90' lang='lat'><em>3</em></span> <span class='ocrx_word' id='word_1_161' title='bbox 218 1710 448 1764; x_wconf 74' lang='lat' dir='ltr'>Munirem]</span> <span class='ocrx_word' id='word_1_162' title='bbox 462 1711 568 1750; x_wconf 83' lang='lat' dir='ltr'>Tuta</span> <span class='ocrx_word' id='word_1_163' title='bbox 586 1710 628 1752; x_wconf 72' lang='grc' dir='ltr'>ὅ(</span> <span class='ocrx_word' id='word_1_164' title='bbox 644 1710 714 1750; x_wconf 85' lang='lat' dir='ltr'>ha-</span> 
     </span>
     <span class='ocr_line' id='line_1_29' title="bbox 113 1770 715 1812; baseline -0.002 -1"><span class='ocrx_word' id='word_1_165' title='bbox 113 1771 301 1812; x_wconf 79' lang='lat' dir='ltr'>bitationi</span> <span class='ocrx_word' id='word_1_166' title='bbox 332 1772 541 1812; x_wconf 87' lang='lat' dir='ltr'>commoda</span> <span class='ocrx_word' id='word_1_167' title='bbox 574 1770 715 1811; x_wconf 76' lang='lat' dir='ltr'>effice—</span> 
     </span>
     <span class='ocr_line' id='line_1_30' title="bbox 110 1832 714 1887; baseline -0.002 -14"><span class='ocrx_word' id='word_1_168' title='bbox 110 1843 218 1873; x_wconf 79' lang='lat' dir='ltr'>rent.</span> <span class='ocrx_word' id='word_1_169' title='bbox 248 1832 403 1873; x_wconf 83' lang='lat' dir='ltr'>Eodem</span> <span class='ocrx_word' id='word_1_170' title='bbox 424 1847 583 1887; x_wconf 87' lang='lat' dir='ltr'>quoque</span> <span class='ocrx_word' id='word_1_171' title='bbox 604 1832 714 1873; x_wconf 76' lang='lat' dir='ltr'>sensu</span> 
     </span>
     <span class='ocr_line' id='line_1_31' title="bbox 111 1893 712 1949; baseline -0.002 -15"><span class='ocrx_word' id='word_1_172' title='bbox 111 1893 372 1948; x_wconf 82' lang='lat' dir='ltr'>intelligenda</span> <span class='ocrx_word' id='word_1_173' title='bbox 404 1895 457 1935; x_wconf 87' lang='lat' dir='ltr'>est</span> <span class='ocrx_word' id='word_1_174' title='bbox 487 1895 600 1949; x_wconf 67' lang='lat' dir='ltr'>supra</span> <span class='ocrx_word' id='word_1_175' title='bbox 630 1907 712 1934; x_wconf 86' lang='lat' dir='ltr'>vox</span> 
     </span>
     <span class='ocr_line' id='line_1_32' title="bbox 112 1954 404 1997; baseline 0.007 -3"><span class='ocrx_word' id='word_1_176' title='bbox 112 1954 404 1997; x_wconf 74' lang='lat' dir='ltr'>munitionibus.</span> 
     </span>
    </p>

    <p class='ocr_par' dir='ltr' id='par_1_10' title="bbox 111 2013 713 2132">
     <span class='ocr_line' id='line_1_33' title="bbox 171 2013 711 2072; baseline -0.004 -16"><span class='ocrx_word' id='word_1_177' title='bbox 171 2028 201 2066; x_wconf 88' lang='lat'><strong>4</strong></span> <span class='ocrx_word' id='word_1_178' title='bbox 215 2016 362 2056; x_wconf 83' lang='lat' dir='ltr'>Locum</span> <span class='ocrx_word' id='word_1_179' title='bbox 375 2016 438 2070; x_wconf 78' lang='lat' dir='ltr'>qui</span> <span class='ocrx_word' id='word_1_180' title='bbox 453 2013 711 2072; x_wconf 75' lang='lat' dir='ltr'>nuncseptus]</span> 
     </span>
     <span class='ocr_line' id='line_1_34' title="bbox 111 2076 713 2132; baseline -0.002 -15"><span class='ocrx_word' id='word_1_181' title='bbox 111 2076 265 2118; x_wconf 81' lang='lat' dir='ltr'>Locum</span> <span class='ocrx_word' id='word_1_182' title='bbox 277 2077 457 2131; x_wconf 90' lang='lat' dir='ltr'>quinunc</span> <span class='ocrx_word' id='word_1_183' title='bbox 475 2078 586 2132; x_wconf 88' lang='lat' dir='ltr'>septo</span> <span class='ocrx_word' id='word_1_184' title='bbox 603 2079 713 2118; x_wconf 86' lang='lat' dir='ltr'>clau-</span> 
     </span>
    </p>
   </div>
   <div class='ocr_carea' id='block_1_10' title="bbox 47 2137 713 2181">
    <p class='ocr_par' dir='ltr' id='par_1_11' title="bbox 47 2137 713 2181">
     <span class='ocr_line' id='line_1_35' title="bbox 47 2137 713 2181; baseline -0.005 0"><span class='ocrx_word' id='word_1_185' title='bbox 47 2178 50 2181; x_wconf 87' lang='lat'>.</span> <span class='ocrx_word' id='word_1_186' title='bbox 115 2137 175 2179; x_wconf 82' lang='lat' dir='ltr'>fus</span> <span class='ocrx_word' id='word_1_187' title='bbox 189 2139 366 2179; x_wconf 67' lang='lat' dir='ltr'>occurrit</span> <span class='ocrx_word' id='word_1_188' title='bbox 381 2138 713 2180; x_wconf 86' lang='lat' dir='ltr'>descendentibus</span> 
     </span>
    </p>
   </div>
   <div class='ocr_carea' id='block_1_11' title="bbox 115 2198 725 2624">
    <p class='ocr_par' dir='ltr' id='par_1_12' title="bbox 115 2198 725 2624">
     <span class='ocr_line' id='line_1_36' title="bbox 116 2198 715 2254; baseline 0.003 -16"><span class='ocrx_word' id='word_1_189' title='bbox 116 2212 166 2239; x_wconf 88' lang='lat' dir='ltr'>ex</span> <span class='ocrx_word' id='word_1_190' title='bbox 178 2198 381 2254; x_wconf 80' lang='lat' dir='ltr'>Capitolio</span> <span class='ocrx_word' id='word_1_191' title='bbox 402 2200 504 2240; x_wconf 88' lang='lat' dir='ltr'>circa</span> <span class='ocrx_word' id='word_1_192' title='bbox 524 2215 611 2240; x_wconf 89' lang='lat' dir='ltr'>eam</span> <span class='ocrx_word' id='word_1_193' title='bbox 628 2213 715 2253; x_wconf 84' lang='lat' dir='ltr'>par-</span> 
     </span>
     <span class='ocr_line' id='line_1_37' title="bbox 115 2262 716 2314; baseline 0.005 -16"><span class='ocrx_word' id='word_1_194' title='bbox 115 2269 198 2298; x_wconf 81' lang='lat' dir='ltr'>tem</span> <span class='ocrx_word' id='word_1_195' title='bbox 218 2275 303 2314; x_wconf 84' lang='lat' dir='ltr'>quae</span> <span class='ocrx_word' id='word_1_196' title='bbox 319 2273 490 2303; x_wconf 86' lang='lat' dir='ltr'>vocatur</span> <span class='ocrx_word' id='word_1_197' title='bbox 507 2262 610 2302; x_wconf 74' lang='lat' dir='ltr'>inter</span> <span class='ocrx_word' id='word_1_198' title='bbox 621 2263 716 2301; x_wconf 74' lang='lat' dir='ltr'>duos</span> 
     </span>
     <span class='ocr_line' id='line_1_38' title="bbox 117 2319 715 2364; baseline 0.008 -6"><span class='ocrx_word' id='word_1_199' title='bbox 117 2319 240 2360; x_wconf 81' lang='lat' dir='ltr'>lucos.</span> <span class='ocrx_word' id='word_1_200' title='bbox 272 2322 346 2362; x_wconf 76' lang='lat' dir='ltr'>Hae</span> <span class='ocrx_word' id='word_1_201' title='bbox 376 2323 479 2363; x_wconf 88' lang='lat' dir='ltr'>enim</span> <span class='ocrx_word' id='word_1_202' title='bbox 512 2337 636 2364; x_wconf 81' lang='lat' dir='ltr'>voces</span> <span class='ocrx_word' id='word_1_203' title='bbox 654 2324 715 2363; x_wconf 77' lang='lat' dir='ltr'>in-</span> 
     </span>
     <span class='ocr_line' id='line_1_39' title="bbox 117 2382 715 2425; baseline 0.01 -5"><span class='ocrx_word' id='word_1_204' title='bbox 117 2393 180 2420; x_wconf 70' lang='grc' dir='ltr'>εεν·</span> <span class='ocrx_word' id='word_1_205' title='bbox 195 2382 285 2422; x_wconf 71' lang='lat' dir='ltr'>duos</span> <span class='ocrx_word' id='word_1_206' title='bbox 305 2382 411 2423; x_wconf 79' lang='lat' dir='ltr'>lucos</span> <span class='ocrx_word' id='word_1_207' title='bbox 439 2384 525 2424; x_wconf 87' lang='lat' dir='ltr'>sunt</span> <span class='ocrx_word' id='word_1_208' title='bbox 544 2386 624 2425; x_wconf 89' lang='lat' dir='ltr'>loci</span> <span class='ocrx_word' id='word_1_209' title='bbox 641 2398 715 2425; x_wconf 73' lang='lat' dir='ltr'>no-</span> 
     </span>
     <span class='ocr_line' id='line_1_40' title="bbox 117 2445 716 2498; baseline 0.008 -17"><span class='ocrx_word' id='word_1_210' title='bbox 117 2456 208 2482; x_wconf 79' lang='lat' dir='ltr'>men</span> <span class='ocrx_word' id='word_1_211' title='bbox 231 2470 249 2490; x_wconf 64' lang='lat'><em>2</em></span> <span class='ocrx_word' id='word_1_212' title='bbox 293 2446 363 2497; x_wconf 74' lang='lat' dir='ltr'>qui</span> <span class='ocrx_word' id='word_1_213' title='bbox 406 2445 564 2498; x_wconf 79' lang='lat' dir='ltr'>quidem</span> <span class='ocrx_word' id='word_1_214' title='bbox 613 2448 716 2486; x_wconf 80' lang='lat' dir='ltr'>hanc</span> 
     </span>
     <span class='ocr_line' id='line_1_41' title="bbox 118 2504 724 2557; baseline 0.012 -15"><span class='ocrx_word' id='word_1_215' title='bbox 118 2504 434 2557; x_wconf 76' lang='lat' dir='ltr'>appellationem.</span> <span class='ocrx_word' id='word_1_216' title='bbox 478 2506 583 2547; x_wconf 83' lang='lat' dir='ltr'>Livii:</span> <span class='ocrx_word' id='word_1_217' title='bbox 629 2522 724 2549; x_wconf 74' lang='lat' dir='ltr'>aevo</span> 
     </span>
     <span class='ocr_line' id='line_1_42' title="bbox 120 2566 725 2624; baseline 0.007 -16"><span class='ocrx_word' id='word_1_218' title='bbox 120 2567 332 2609; x_wconf 64' lang='lat' dir='ltr'>etiamn-itm</span> <span class='ocrx_word' id='word_1_219' title='bbox 350 2566 573 2622; x_wconf 44' lang='lat' dir='ltr'>zezinebatv,</span> <span class='ocrx_word' id='word_1_220' title='bbox 586 2583 725 2624; x_wconf 55' lang='lat' dir='ltr'>quamv</span> 
     </span>
    </p>
   </div>
   <div class='ocr_carea' id='block_1_12' title="bbox 764 1093 1393 2551">
    <p class='ocr_par' dir='ltr' id='par_1_13' title="bbox 772 1093 1381 1146">
     <span class='ocr_line' id='line_1_43' title="bbox 772 1093 1381 1146; baseline 0.008 -12"><span class='ocrx_word' id='word_1_221' title='bbox 772 1095 834 1135; x_wconf 83' lang='lat' dir='ltr'>vis</span> <span class='ocrx_word' id='word_1_222' title='bbox 850 1093 1036 1146; x_wconf 81' lang='lat' dir='ltr'>nullijam</span> <span class='ocrx_word' id='word_1_223' title='bbox 1060 1095 1114 1136; x_wconf 85' lang='lat' dir='ltr'>ibi</span> <span class='ocrx_word' id='word_1_224' title='bbox 1134 1096 1257 1138; x_wconf 80' lang='lat' dir='ltr'>essent</span> <span class='ocrx_word' id='word_1_225' title='bbox 1279 1098 1381 1143; x_wconf 75' lang='lat' dir='ltr'>luci..</span> 
     </span>
    </p>

    <p class='ocr_par' dir='ltr' id='par_1_14' title="bbox 765 1154 1381 1522">
     <span class='ocr_line' id='line_1_44' title="bbox 839 1154 1378 1210; baseline 0.015 -17"><span class='ocrx_word' id='word_1_226' title='bbox 839 1168 858 1206; x_wconf 84' lang='lat'><em>5</em></span> <span class='ocrx_word' id='word_1_227' title='bbox 880 1154 1074 1210; x_wconf 55' lang='lat' dir='ltr'>Asylum]</span> <span class='ocrx_word' id='word_1_228' title='bbox 1098 1159 1194 1199; x_wconf 85' lang='lat' dir='ltr'>Vox</span> <span class='ocrx_word' id='word_1_229' title='bbox 1227 1157 1378 1200; x_wconf 75' lang='lat' dir='ltr'>Graeca</span> 
     </span>
     <span class='ocr_line' id='line_1_45' title="bbox 774 1215 1380 1274; baseline 0.01 -18"><span class='ocrx_word' id='word_1_230' title='bbox 774 1216 828 1256; x_wconf 85' lang='lat' dir='ltr'>est</span> <span class='ocrx_word' id='word_1_231' title='bbox 849 1215 1067 1272; x_wconf 77' lang='lat' dir='ltr'>significans</span> <span class='ocrx_word' id='word_1_232' title='bbox 1089 1220 1221 1258; x_wconf 81' lang='lat' dir='ltr'>locum</span> <span class='ocrx_word' id='word_1_233' title='bbox 1239 1221 1277 1260; x_wconf 88' lang='lat' dir='ltr'>in</span> <span class='ocrx_word' id='word_1_234' title='bbox 1297 1235 1380 1274; x_wconf 86' lang='lat' dir='ltr'>quo</span> 
     </span>
     <span class='ocr_line' id='line_1_46' title="bbox 773 1278 1378 1322; baseline 0.008 -5"><span class='ocrx_word' id='word_1_235' title='bbox 773 1278 972 1318; x_wconf 87' lang='lat' dir='ltr'>neminem</span> <span class='ocrx_word' id='word_1_236' title='bbox 1003 1279 1154 1319; x_wconf 88' lang='lat' dir='ltr'>violare</span> <span class='ocrx_word' id='word_1_237' title='bbox 1176 1281 1297 1321; x_wconf 86' lang='lat' dir='ltr'>liceat</span> <span class='ocrx_word' id='word_1_238' title='bbox 1317 1294 1329 1322; x_wconf 74' lang='grc' dir='ltr'><strong><em>ε</em></strong></span> <span class='ocrx_word' id='word_1_239' title='bbox 1354 1297 1378 1322; x_wconf 85' lang='lat' dir='ltr'>a</span> 
     </span>
     <span class='ocr_line' id='line_1_47' title="bbox 772 1339 1381 1395; baseline 0.008 -17"><span class='ocrx_word' id='word_1_240' title='bbox 772 1339 967 1393; x_wconf 79' lang='lat' dir='ltr'>particula</span> <span class='ocrx_word' id='word_1_241' title='bbox 998 1356 1027 1382; x_wconf 66' lang='lat' dir='ltr'>aa</span> <span class='ocrx_word' id='word_1_242' title='bbox 1067 1355 1153 1394; x_wconf 75' lang='lat' dir='ltr'>quae</span> <span class='ocrx_word' id='word_1_243' title='bbox 1196 1343 1381 1395; x_wconf 79' lang='lat' dir='ltr'>privandi</span> 
     </span>
     <span class='ocr_line' id='line_1_48' title="bbox 772 1405 1381 1462; baseline 0.01 -18"><span class='ocrx_word' id='word_1_244' title='bbox 772 1406 851 1445; x_wconf 84' lang='lat' dir='ltr'>vim</span> <span class='ocrx_word' id='word_1_245' title='bbox 864 1407 999 1454; x_wconf 86' lang='lat' dir='ltr'>habet,</span> <span class='ocrx_word' id='word_1_246' title='bbox 1015 1408 1055 1447; x_wconf 64' lang='grc' dir='ltr'>δὲ</span> <span class='ocrx_word' id='word_1_247' title='bbox 1070 1409 1194 1448; x_wconf 85' lang='lat' dir='ltr'>verbo</span> <span class='ocrx_word' id='word_1_248' title='bbox 1209 1405 1381 1462; x_wconf 63' lang='grc' dir='ltr'><em>συλᾶμ,</em></span> 
     </span>
     <span class='ocr_line' id='line_1_49' title="bbox 765 1464 1064 1522; baseline 0.003 -16"><span class='ocrx_word' id='word_1_249' title='bbox 765 1464 901 1522; x_wconf 76' lang='lat' dir='ltr'>spolio</span> <span class='ocrx_word' id='word_1_250' title='bbox 918 1496 932 1515; x_wconf 95' lang='lat'>,</span> <span class='ocrx_word' id='word_1_251' title='bbox 950 1468 1064 1508; x_wconf 81' lang='lat' dir='ltr'>laedo.</span> 
     </span>
    </p>

    <p class='ocr_par' dir='ltr' id='par_1_15' title="bbox 767 1529 1384 1692">
     <span class='ocr_line' id='line_1_50' title="bbox 836 1529 1384 1582; baseline 0.005 -14"><span class='ocrx_word' id='word_1_252' title='bbox 836 1529 861 1568; x_wconf 88' lang='lat'>6</span> <span class='ocrx_word' id='word_1_253' title='bbox 909 1529 1188 1582; x_wconf 75' lang='lat' dir='ltr'>Confiliunz....</span> <span class='ocrx_word' id='word_1_254' title='bbox 1233 1530 1384 1572; x_wconf 67' lang='lat' dir='ltr'>viribus</span> 
     </span>
     <span class='ocr_line' id='line_1_51' title="bbox 767 1589 1384 1647; baseline 0.01 -20"><span class='ocrx_word' id='word_1_255' title='bbox 767 1590 922 1644; x_wconf 72' lang='lat' dir='ltr'>parat]</span> <span class='ocrx_word' id='word_1_256' title='bbox 949 1589 1166 1631; x_wconf 64' lang='lat' dir='ltr'>Consilium</span> <span class='ocrx_word' id='word_1_257' title='bbox 1191 1594 1384 1647; x_wconf 73' lang='lat' dir='ltr'>regendis</span> 
     </span>
     <span class='ocr_line' id='line_1_52' title="bbox 769 1651 1075 1692; baseline 0.007 -2"><span class='ocrx_word' id='word_1_258' title='bbox 769 1651 919 1691; x_wconf 87' lang='lat' dir='ltr'>viribus</span> <span class='ocrx_word' id='word_1_259' title='bbox 949 1652 1075 1692; x_wconf 80' lang='lat' dir='ltr'>addit.</span> 
     </span>
    </p>

    <p class='ocr_par' dir='ltr' id='par_1_16' title="bbox 764 1706 1393 2551">
     <span class='ocr_line' id='line_1_53' title="bbox 831 1706 1381 1770; baseline 0.011 -20"><span class='ocrx_word' id='word_1_260' title='bbox 831 1726 856 1763; x_wconf 91' lang='lat'><strong>7</strong></span> <span class='ocrx_word' id='word_1_261' title='bbox 880 1706 967 1770; x_wconf 61' lang='lat' dir='ltr'>Qui&gt;</span> <span class='ocrx_word' id='word_1_262' title='bbox 981 1713 1106 1753; x_wconf 77' lang='lat' dir='ltr'>creari</span> <span class='ocrx_word' id='word_1_263' title='bbox 1125 1712 1269 1754; x_wconf 74' lang='lat' dir='ltr'>Patres</span> <span class='ocrx_word' id='word_1_264' title='bbox 1281 1712 1381 1769; x_wconf 81' lang='lat' dir='ltr'>pos-</span> 
     </span>
     <span class='ocr_line' id='line_1_54' title="bbox 764 1769 1383 1831; baseline 0.002 -19"><span class='ocrx_word' id='word_1_265' title='bbox 764 1769 883 1826; x_wconf 80' lang='lat' dir='ltr'>sent]</span> <span class='ocrx_word' id='word_1_266' title='bbox 906 1773 1079 1814; x_wconf 74' lang='lat' dir='ltr'>Multum</span> <span class='ocrx_word' id='word_1_267' title='bbox 1096 1776 1245 1816; x_wconf 86' lang='lat' dir='ltr'>arridet</span> <span class='ocrx_word' id='word_1_268' title='bbox 1261 1777 1383 1831; x_wconf 70' lang='lat' dir='ltr'>Sigo-</span> 
     </span>
     <span class='ocr_line' id='line_1_55' title="bbox 772 1834 1381 1892; baseline 0.007 -20"><span class='ocrx_word' id='word_1_269' title='bbox 772 1835 824 1873; x_wconf 86' lang='lat' dir='ltr'>nii</span> <span class='ocrx_word' id='word_1_270' title='bbox 844 1834 1093 1888; x_wconf 68' lang='lat' dir='ltr'>conieftura,</span> <span class='ocrx_word' id='word_1_271' title='bbox 1114 1837 1177 1890; x_wconf 79' lang='lat' dir='ltr'>qui</span> <span class='ocrx_word' id='word_1_272' title='bbox 1193 1837 1381 1892; x_wconf 71' lang='lat' dir='ltr'>cierepae-</span> 
     </span>
     <span class='ocr_line' id='line_1_56' title="bbox 774 1895 1385 1950; baseline 0.01 -17"><span class='ocrx_word' id='word_1_273' title='bbox 774 1908 851 1934; x_wconf 81' lang='lat' dir='ltr'>tres</span> <span class='ocrx_word' id='word_1_274' title='bbox 881 1895 1050 1950; x_wconf 78' lang='lat' dir='ltr'>peffenc.</span> <span class='ocrx_word' id='word_1_275' title='bbox 1089 1897 1237 1938; x_wconf 84' lang='lat' dir='ltr'>Firmat</span> <span class='ocrx_word' id='word_1_276' title='bbox 1278 1900 1385 1939; x_wconf 81' lang='lat' dir='ltr'>hanc</span> 
     </span>
     <span class='ocr_line' id='line_1_57' title="bbox 775 1958 1384 2002; baseline 0.01 -7"><span class='ocrx_word' id='word_1_277' title='bbox 775 1958 1099 1998; x_wconf 85' lang='lat' dir='ltr'>emendationem</span> <span class='ocrx_word' id='word_1_278' title='bbox 1162 1960 1278 2000; x_wconf 84' lang='lat' dir='ltr'>locus</span> <span class='ocrx_word' id='word_1_279' title='bbox 1329 1975 1384 2002; x_wconf 63' lang='lat' dir='ltr'>ex.</span> 
     </span>
     <span class='ocr_line' id='line_1_58' title="bbox 778 2018 1386 2069; baseline 0.008 -13"><span class='ocrx_word' id='word_1_280' title='bbox 778 2018 961 2058; x_wconf 80' lang='lat' dir='ltr'>oratione</span> <span class='ocrx_word' id='word_1_281' title='bbox 980 2019 1100 2059; x_wconf 87' lang='lat' dir='ltr'>Decii</span> <span class='ocrx_word' id='word_1_282' title='bbox 1121 2048 1133 2068; x_wconf 89' lang='lat'>‚</span> <span class='ocrx_word' id='word_1_283' title='bbox 1155 2019 1256 2060; x_wconf 71' lang='lat' dir='ltr'>infra</span> <span class='ocrx_word' id='word_1_284' title='bbox 1275 2021 1301 2060; x_wconf 87' lang='lat' dir='ltr'>l.</span> <span class='ocrx_word' id='word_1_285' title='bbox 1322 2021 1386 2069; x_wconf 64' lang='grc' dir='ltr'>Χ,</span> 
     </span>
     <span class='ocr_line' id='line_1_59' title="bbox 777 2078 1385 2135; baseline 0.007 -17"><span class='ocrx_word' id='word_1_286' title='bbox 777 2092 814 2118; x_wconf 87' lang='lat' dir='ltr'>c.</span> <span class='ocrx_word' id='word_1_287' title='bbox 837 2079 880 2120; x_wconf 82' lang='lat'>8.</span> <span class='ocrx_word' id='word_1_288' title='bbox 901 2078 1109 2120; x_wconf 75' lang='lat' dir='ltr'>Patricius</span> <span class='ocrx_word' id='word_1_289' title='bbox 1135 2081 1263 2135; x_wconf 68' lang='lat' dir='ltr'>primo</span> <span class='ocrx_word' id='word_1_290' title='bbox 1306 2082 1385 2134; x_wconf 74' lang='lat' dir='ltr'>effe</span> 
     </span>
     <span class='ocr_line' id='line_1_60' title="bbox 769 2138 1385 2196; baseline 0.006 -17"><span class='ocrx_word' id='word_1_291' title='bbox 769 2138 898 2192; x_wconf 61' lang='lat' dir='ltr'>faiflos</span> <span class='ocrx_word' id='word_1_292' title='bbox 917 2169 931 2186; x_wconf 88' lang='lat'>,</span> <span class='ocrx_word' id='word_1_293' title='bbox 985 2141 1050 2194; x_wconf 77' lang='lat' dir='ltr'>qui</span> <span class='ocrx_word' id='word_1_294' title='bbox 1088 2155 1241 2196; x_wconf 77' lang='lat' dir='ltr'>patrem</span> <span class='ocrx_word' id='word_1_295' title='bbox 1279 2144 1385 2183; x_wconf 69' lang='lat' dir='ltr'>ciere</span> 
     </span>
     <span class='ocr_line' id='line_1_61' title="bbox 773 2199 1388 2256; baseline 0.008 -16"><span class='ocrx_word' id='word_1_296' title='bbox 773 2199 943 2256; x_wconf 82' lang='lat' dir='ltr'>poffent.</span> <span class='ocrx_word' id='word_1_297' title='bbox 971 2202 1023 2242; x_wconf 83' lang='lat' dir='ltr'>Et</span> <span class='ocrx_word' id='word_1_298' title='bbox 1066 2203 1169 2245; x_wconf 49' lang='lat' dir='ltr'>verti&gt;</span> <span class='ocrx_word' id='word_1_299' title='bbox 1213 2202 1278 2243; x_wconf 68' lang='lat' dir='ltr'>hic</span> <span class='ocrx_word' id='word_1_300' title='bbox 1314 2205 1388 2245; x_wconf 58' lang='lat' dir='ltr'>vix</span> 
     </span>
     <span class='ocr_line' id='line_1_62' title="bbox 777 2262 1386 2317; baseline 0.01 -16"><span class='ocrx_word' id='word_1_301' title='bbox 777 2262 933 2317; x_wconf 71' lang='lat' dir='ltr'>possunt</span> <span class='ocrx_word' id='word_1_302' title='bbox 951 2278 973 2302; x_wconf 92' lang='lat' dir='ltr'>a</span> <span class='ocrx_word' id='word_1_303' title='bbox 1000 2263 1114 2304; x_wconf 87' lang='lat' dir='ltr'>Livio</span> <span class='ocrx_word' id='word_1_304' title='bbox 1138 2264 1303 2304; x_wconf 82' lang='lat' dir='ltr'>indicari</span> <span class='ocrx_word' id='word_1_305' title='bbox 1324 2266 1386 2307; x_wconf 74' lang='lat' dir='ltr'>se·</span> 
     </span>
     <span class='ocr_line' id='line_1_63' title="bbox 778 2324 1390 2373; baseline 0.005 -10"><span class='ocrx_word' id='word_1_306' title='bbox 778 2335 944 2365; x_wconf 81' lang='lat' dir='ltr'>natores</span> <span class='ocrx_word' id='word_1_307' title='bbox 978 2324 1142 2364; x_wconf 63' lang='lat' dir='ltr'>Patr-um</span> <span class='ocrx_word' id='word_1_308' title='bbox 1187 2326 1348 2366; x_wconf 81' lang='lat' dir='ltr'>nomine</span> <span class='ocrx_word' id='word_1_309' title='bbox 1370 2353 1390 2373; x_wconf 61' lang='lat' dir='ltr'><em>w</em></span> 
     </span>
     <span class='ocr_line' id='line_1_64' title="bbox 779 2386 1390 2438; baseline 0.003 -14"><span class='ocrx_word' id='word_1_310' title='bbox 779 2400 898 2438; x_wconf 78' lang='lat' dir='ltr'>quum</span> <span class='ocrx_word' id='word_1_311' title='bbox 917 2386 1093 2427; x_wconf 84' lang='lat' dir='ltr'>nondum</span> <span class='ocrx_word' id='word_1_312' title='bbox 1124 2387 1268 2427; x_wconf 83' lang='lat' dir='ltr'>dixerit</span> <span class='ocrx_word' id='word_1_313' title='bbox 1296 2401 1390 2426; x_wconf 69' lang='lat' dir='ltr'>earm</span> 
     </span>
     <span class='ocr_line' id='line_1_65' title="bbox 780 2446 1393 2502; baseline 0.007 -16"><span class='ocrx_word' id='word_1_314' title='bbox 780 2447 856 2488; x_wconf 77' lang='lat' dir='ltr'>illis</span> <span class='ocrx_word' id='word_1_315' title='bbox 906 2448 1222 2502; x_wconf 75' lang='lat' dir='ltr'>appellationem</span> <span class='ocrx_word' id='word_1_316' title='bbox 1274 2446 1393 2490; x_wconf 67' lang='lat' dir='ltr'>fuiss&#39;e</span> 
     </span>
     <span class='ocr_line' id='line_1_66' title="bbox 782 2508 936 2551; baseline 0.013 -2"><span class='ocrx_word' id='word_1_317' title='bbox 782 2508 936 2551; x_wconf 61' lang='lat' dir='ltr'>datam.</span> 
     </span>
    </p>
   </div>
   <div class='ocr_carea' id='block_1_13' title="bbox 1097 2629 1115 2638">
    <p class='ocr_par' dir='ltr' id='par_1_17' title="bbox 1097 2629 1115 2638">
     <span class='ocr_line' id='line_1_67' title="bbox 1097 2629 1115 2638; baseline 0 0"><span class='ocrx_word' id='word_1_318' title='bbox 1097 2629 1115 2638; x_wconf 73' lang='lat' dir='ltr'>o</span> 
     </span>
    </p>
   </div>
   <div class='ocr_carea' id='block_1_14' title="bbox 980 2629 1119 2697">
    <p class='ocr_par' dir='ltr' id='par_1_18' title="bbox 980 2629 1119 2697">
     <span class='ocr_line' id='line_1_68' title="bbox 980 2629 1119 2697; baseline 0 0"><span class='ocrx_word' id='word_1_319' title='bbox 980 2629 1119 2697; x_wconf 61' lang='lat' dir='ltr'>Qvi</span> 
     </span>
    </p>
   </div>
  </div>
 </body>
</html>
