1643 3078
488 155 534 211 L
577 170 599 209 1
642 167 678 208 B
726 169 760 209 E
803 171 842 212 R
935 155 1006 213 V.
1230 168 1347 237 451¹

78 232 266 284 castella
280 249 558 302 oppugnata
573 272 588 294 ,
604 232 1166 299 supe-ratasmunitioneQ
1182 243 1347 288 utrim-
1366 258 1478 309 ΗΜ
1491 270 1555 311 53,

78 320 172 367 que
191 305 354 352 invehi
369 301 560 350 hostem
580 305 872 351 nuntiaretur
888 339 907 359 ,
940 304 987 349 in
1009 308 1149 352 armis
1173 307 1349 356 milites
1367 315 1555 367 a.C.399.

76 373 269 428 tenuit3
307 369 340 417 fi
373 387 495 435 opus
522 370 647 418 foret
689 370 897 428 auxilio,
942 371 1178 436 collegam
1217 373 1347 422 cli-&ti-

75 451 179 485 tans
211 437 271 485 ad
302 436 347 486 se
369 436 625 486 missurum.
663 436 819 501 Hujus
852 440 1168 503 arrogantiam
1192 443 1350 504 perti-

75 506 211 552 nacia
241 504 429 554 alterius
465 506 685 571 aequabat
707 543 722 563 ‚
762 505 922 570 quine
943 522 1086 570 quam
1111 523 1258 571 opem
1288 509 1349 557 ab

74 573 269 621 inimico
291 574 534 622 videretur
558 571 721 638 petisse
739 609 754 631 ‚
783 574 909 620 vinci
928 574 985 620 ab
1006 570 1141 621 hoste
1161 610 1174 631 ‚
1199 573 1346 639 quarn

65 636 269 689 {vincere
307 659 392 708 per
419 643 578 689 civem
608 639 788 689 maluit.
829 639 931 688 Diu
962 641 1009 687 in
1046 640 1210 689 medio
1243 641 1347 690 caefi

73 708 249 756 milites
273 745 289 768 ,
329 707 573 774 postremi)
615 707 810 755 desertis
850 708 1191 758 munitionibus
1229 726 1348 774 per-

72 778 214 838 pauci
257 777 305 822 in
345 773 529 838 majora
565 774 709 822 castra
741 813 754 834 ,
810 793 916 839 pars
956 778 1164 823 maxima
1201 791 1348 843 atque

70 842 167 906 ipse
197 841 386 909 Sergius
415 842 623 891 Romam
663 842 1039 907 pertenderunt3
1079 845 1160 892 ubi
1195 862 1345 910 quum

72 927 272 958 omnem
313 911 502 976 culpam
534 911 578 956 in
620 910 856 975 collegam
887 911 1136 959 inclinaret
1157 949 1171 971 ‚
1201 913 1346 961 acciri

73 975 341 1043 Virginiurn
388 995 446 1026 ex
481 977 636 1025 castris
658 1015 670 1031 ,
705 980 886 1024 interea
925 978 1118 1043 praeeffe
1158 981 1346 1046 legatos

71 1047 267 1110 placuit.
303 1045 424 1094 Αὲὶει
457 1045 632 1093 deinde
664 1048 712 1093 in
747 1044 907 1092 senatu
945 1062 1016 1093 res
1051 1044 1116 1094 est
1143 1082 1158 1105 ,
1194 1061 1346 1096 certa-

70 1128 271 1179 tumque
302 1116 425 1162 inter
454 1114 663 1179 collegas
696 1111 988 1171 malediffli53
1019 1128 1048 1176 9
1078 1116 1219 1179 pauci
1249 1117 1347 1163 rei-

70 1182 272 1246 publicae
295 1220 307 1241 ‚
342 1183 451 1229 huic
487 1196 630 1246 atque
662 1181 763 1239 illi,
794 1194 844 1228 ut
886 1179 1102 1246 quosque
1139 1179 1346 1233 studium

72 1250 298 1315 privatim
323 1263 402 1297 aut
425 1251 574 1314 gratia
604 1262 999 1313 occupaverunt,
1025 1248 1206 1298 adsunt.

139 1315 226 1364 IX.
255 1316 493 1364 Primores
519 1314 706 1363 Patrum
729 1353 742 1374 ‚
768 1314 863 1362 sive
884 1315 1023 1381 culpa
1045 1354 1059 1375 ,
1091 1315 1188 1366 five
1214 1315 1345 1367 infe-

67 1384 246 1432 licitate
275 1386 621 1449 imperatorum
643 1421 657 1443 ‚
693 1400 792 1431 tam
828 1383 1144 1448 ignominiosa
1179 1385 1343 1434 clades

72 1468 267 1516 accepta
320 1451 433 1500 esset
461 1488 476 1511 ,
522 1450 746 1499 censuere
777 1488 792 1511 ,
839 1453 951 1499 Non
999 1450 1339 1517 exspeblandum
1359 1462 1550 1505 Tr.Mil.

59 1518 229 1585 justum
262 1534 434 1584 tempus
473 1521 748 1567 comitiorum
770 1536 792 1578 ,·
821 1517 907 1582 sed
942 1520 1162 1585 extemplo
1191 1539 1338 1569 novos
1354 1539 1550 1567 antetem-

70 1587 270 1634 tribunos
302 1588 495 1635 militum
538 1589 749 1634 creandos
794 1585 872 1650 effe
901 1624 919 1644 ‚
980 1588 1058 1651 qui
1104 1588 1336 1636 Kalendis
1349 1603 1422 1644 pus
1441 1586 1551 1626 abdi-

73 1648 274 1703 Oaezoh'ris
291 1657 590 1721 magistratum
609 1657 865 1720 acciperent.
901 1652 955 1702 In
978 1672 1124 1720 quam
1147 1654 1336 1705 senten·
1356 1663 1442 1690 (ΜΕ
1460 1662 1526 1687 co-

68 1723 184 1769 tiam
207 1739 353 1788 quum
387 1738 402 1768 1
431 1722 631 1787 pedibus
651 1724 797 1771 iretur
820 1760 833 1782 ‚
869 1725 1015 1770 ceteri
1048 1723 1223 1772 tribuni
1248 1726 1339 1773 rni-
1353 1723 1514 1770 g‘m‘u'·
1572 1727 1576 1730 ’
1631 1786 1635 1794 x

67 1790 205 1837 litum
242 1790 356 1837 nihil
390 1790 758 1849 contradicere3
794 1804 839 1837 at
861 1792 1112 1840 enimvero
1151 1791 1346 1859 Sergius

71 1856 407 1924 Virginiusque
435 1895 450 1915 ,
501 1873 701 1923 propter
754 1875 874 1923 quos
920 1860 1154 1923 poenitere
1193 1863 1349 1928 magi-

70 1923 296 1972 stratuum
331 1922 434 1989 ejus
468 1928 578 1972 anni
609 1925 822 1973 senatum
855 1928 1153 1990 apparebat,
1187 1928 1347 1993 primb

72 1993 321 2057 deprecari
343 1995 654 2057 ignominiam
678 2031 690 2052 ‚
731 1994 907 2042 deinde
938 1995 1238 2044 intercedere
1266 1995 1347 2045 se·-

70 2060 426 2110 natusconsulto
453 2078 464 2108 :
501 2077 678 2128 negare
704 2099 718 2121 ,
747 2061 794 2110 se
831 2076 941 2110 ante
976 2060 1087 2110 Idus
1118 2061 1348 2113 Decem-

133 2204 158 2245 9
177 2190 303 2232 Pauci
318 2192 558 2247 reipublicae]
580 2193 676 2234 Pau-
739 2205 856 2234 nator
884 2194 1051 2247 pedibus
1085 2195 1167 2236 ibat
1199 2196 1239 2237 in
1273 2196 1350 2237 ali-

74 2252 111 2293 εἰ
129 2280 144 2299 ,
178 2254 271 2308 quid
324 2255 676 2306 publica‘utilitas
741 2270 857 2309 quarn
886 2256 1148 2304 sententiam,
1171 2260 1237 2312 qui
1264 2273 1349 2300 non

67 2314 244 2368 postulet
262 2343 274 2360 ‚
299 2315 504 2355 intuentur
527 2329 536 2356 ε
558 2317 674 2369 pleri·
740 2332 843 2357 voce
892 2329 960 2358 aut
1021 2320 1205 2359 oratione
1252 2320 1348 2374 quid

73 2390 151 2430 que
180 2377 275 2416 huic
294 2388 415 2431 atque
443 2377 501 2417 illi
518 2377 653 2418 favent
667 2408 680 2429 ,
743 2379 907 2419 sentiret
924 2381 1154 2434 exponebat
1171 2410 1182 2428 ,
1203 2383 1269 2420 led
1287 2381 1348 2422 so·

71 2448 193 2491 prout
229 2452 427 2492 quemque
459 2440 677 2492 propensus
739 2442 781 2480 lo
807 2441 950 2494 pedum
972 2452 1115 2489 motu,
1141 2443 1349 2482 transeun-

74 2499 114 2540 in
140 2500 245 2539 hunc
269 2501 335 2539 vel
355 2501 461 2539 illum
493 2501 679 2553 privatim
742 2502 794 2542 do
825 2503 978 2542 scilicet
1002 2503 1041 2542 in
1060 2505 1160 2543 hanc
1187 2505 1350 2544 illamve

21 2562 24 2563 ⁷
74 2574 186 2600 amor
219 2572 285 2600 aut
319 2561 446 2616 gratia
477 2576 682 2615 praeoccu·
742 2575 912 2618 partem.
947 2564 1047 2630 Yid.
1087 2574 1178 2609 not.
1212 2577 1230 2607 1
1253 2591 1266 2616 ,
1298 2564 1350 2607 ad

75 2633 294 2677 paverunt.
627 2652 634 2660 ‹
746 2636 767 2681 3
792 2653 804 2676 ,
834 2639 912 2678 41·

145 2695 168 2727 1
197 2682 367 2726 Pedibus
395 2681 544 2737 iretur]
565 2685 604 2730 Is
621 2684 685 2739 se-⁴

949 2742 998 2794 X
1031 2730 1085 2813 vj*
