1689 3083
457 120 808 181 LIBER
903 125 1055 182 III.
1256 129 1376 199 237³

108 197 231 252 bitrfa
255 201 398 269 quam
420 205 466 251 in
488 204 729 252 Hernicos
751 203 988 269 procedit.
1024 204 1254 252 Veturius
1277 207 1374 269 pri·
1392 209 1586 265 U‚c,2912

109 286 195 318 mo
225 272 390 335 praelio
423 270 581 319 hostes
607 270 760 319 fundit
794 270 1039 336 fugatque.
1066 269 1339 319 Lucretium
1361 308 1376 333 ‚
1395 268 1582 322 ³.C·460v

28 349 38 355 ⁴
110 336 224 384 dum
253 339 299 385 in
335 339 558 386 Hernicis
587 337 752 397 sedet,
782 337 1065 403 praedonum
1097 353 1271 402 agmen
1304 338 1379 386 fe·-

58 462 63 465 μ
106 401 228 451 fellit
251 441 265 461 ,
301 405 438 470 supra
466 421 658 455 montes
680 403 990 453 Praenestinos
1012 402 1201 451 duCtum
1219 441 1233 463 ‚
1261 405 1376 454 inde

107 468 356 520 demiffum
375 474 422 521 in
446 491 660 539 campos.
682 471 944 521 Vastavere
967 488 1107 537 agros
1130 469 1376 519 Praenesti-

30 587 34 593 ,
106 554 223 586 num
252 537 597 607 Gabinumque
632 557 642 588 :
680 556 739 588 ex
769 538 965 589 Gabino
991 541 1040 586 in
1075 536 1380 586 Tusculanos

107 604 284 654 flexere
309 609 494 669 colles;
529 609 608 656 ubi
637 624 832 673 quoque
863 606 1036 654 Romae
1055 606 1221 672 ingens
1255 623 1376 670 prae-

106 671 234 721 bitus
265 688 418 724 terror
439 713 453 735 ‚
485 692 517 738 7
542 677 692 740 magis
724 677 772 722 in
793 691 842 723 re
862 674 1008 722 subita
1028 711 1041 731 ‚
1077 673 1221 738 quam
1243 672 1377 738 quod

105 739 168 787 ad
197 744 451 792 arcendam
466 745 565 791 vim
586 760 754 807 parum
769 743 942 791 virium
962 740 1091 790 esset.
1114 741 1184 806 Q.
1201 740 1378 789 Fabius

106 824 310 873 praeerat
331 811 434 859 urbi
454 827 468 870 ;
491 812 528 858 is
543 810 722 858 armata
741 808 990 872 juventute
1011 846 1024 867 ,
1048 807 1378 875 dispositisque

107 875 357 940 praefidiis‚
387 893 490 927 tuta
510 879 673 927 omnia
696 894 750 925 ac
773 876 1024 942 tranquilla
1046 875 1177 925 fecit.
1205 875 1376 943 Itaque

105 943 268 993 hostes
285 982 302 1005 ‚
326 946 488 1011 praeda
516 963 576 995 ex
600 946 831 1011 proximis
858 945 975 992 locis
998 944 1130 1009 rapta
1149 982 1164 1003 ,
1190 962 1378 1010 appro-

105 1012 338 1078 pinquare
351 1014 455 1063 urbi
470 1031 567 1063 non
585 1011 674 1060 ausi
688 1050 701 1070 ,
719 1030 867 1078 quum
885 1011 1169 1060 circuma&o
1187 1014 1381 1079 agmine

103 1079 347 1142 redirent,
367 1096 547 1148 quanto
568 1081 756 1147 longius
775 1080 834 1128 ab
854 1080 970 1128 urbe
991 1078 1194 1128 hostium
1212 1079 1384 1130 absce-

107 1145 277 1197 derent
297 1186 312 1210 ‚
347 1166 409 1199 eo
441 1149 665 1199 solutiore
699 1148 812 1196 cura
836 1185 850 1207 ‚
884 1148 932 1195 in
964 1146 1240 1196 Lucretium
1263 1149 1382 1197 inci-

106 1212 226 1264 dunt
244 1216 489 1266 consulem
510 1254 528 1275 ,
563 1215 660 1281 jam
694 1217 805 1264 ante
838 1216 1100 1281 exploratis
1135 1216 1382 1265 itineribus

104 1280 196 1330 suis
231 1283 502 1334 instruetum
520 1322 537 1343 ,
569 1285 620 1333 ὅ(
642 1283 701 1332 ad
722 1298 967 1333 certamen
994 1284 1249 1332 intentum.
1285 1282 1383 1350 Igi-

105 1362 181 1399 tur
205 1356 477 1417 praeparatis
507 1353 707 1413 animis,
748 1354 1008 1416 repentino
1044 1367 1229 1417 pavore
1262 1368 1384 1416 per-

107 1418 262 1469 culsos
299 1420 494 1480 adorti,
532 1421 778 1486 aliquanto
822 1421 1074 1485 pauciores
1112 1419 1383 1467 multitudi-

29 1545 32 1548 ,
105 1503 221 1535 nem
251 1490 499 1555 ingentem
531 1488 734 1537 fundunt
765 1486 1059 1554 fugantque:
1089 1487 1140 1535 δέ
1162 1488 1383 1552 compul-

103 1553 180 1604 sos
207 1556 255 1603 in
288 1574 426 1607 cavas
450 1557 598 1606 valles
623 1594 637 1615 ‚
676 1573 822 1622 quum
851 1558 1002 1604 exitus
1035 1554 1159 1603 haud
1185 1557 1232 1603 in
1252 1554 1381 1604 facili

105 1620 256 1672 essent
290 1662 306 1686 ‚
349 1626 743 1673 circumveniunt.
807 1622 879 1671 Ibi
923 1622 1154 1672 Volscum
1190 1640 1376 1673 nomen

103 1706 260 1756 prope
292 1692 505 1742 deletum
541 1692 643 1752 est3
682 1691 917 1741 tredecim
955 1690 1107 1739 millia
1142 1692 1375 1758 quadrin-
1449 1695 1561 1752 Casta

106 1774 279 1825 gentos
309 1759 607 1827 septuaginta
643 1758 857 1808 ceciditle
892 1761 941 1806 in
981 1760 1082 1809 acie
1117 1777 1170 1807 ac
1213 1759 1327 1826 fuga
1356 1797 1377 1820 ,

105 1827 239 1875 mille
260 1827 494 1877 ducentos
511 1829 849 1894 quinquaginta
871 1828 1011 1876 vivos
1029 1841 1195 1892 captos
1210 1866 1226 1886 ,
1245 1827 1376 1894 signa

106 1894 276 1961 viginti
317 1895 502 1962 septem
542 1896 761 1944 militaria
789 1895 970 1952 relata,
1002 1896 1052 1942 in
1089 1894 1375 1961 quibusdam

104 1963 351 2012 annalibus
380 1964 576 2013 invenio
610 1981 627 2022 3
674 1963 755 2011 ubi
797 1961 880 2012 etfi
921 1960 1159 2026 adjeElum
1192 1963 1376 2028 aliquid.

104 2047 307 2080 numero
340 2030 395 2080 fit
423 2069 437 2091 ‚
483 2049 659 2098 magna
697 2031 825 2080 certe
861 2031 1014 2079 caedes
1056 2030 1158 2080 fuit.
1204 2030 1378 2104 Vfflog

105 2097 268 2147 consul
291 2100 472 2165 ingenti
497 2100 654 2164 praeda
678 2101 854 2164 potitus
875 2135 889 2158 ‚
925 2098 1097 2147 eadem
1129 2100 1176 2146 in
1204 2097 1377 2148 stativa

105 2166 262 2214 rediit.
304 2165 445 2215 Tunc
488 2166 704 2215 consules
750 2164 901 2214 castra:
937 2164 1272 2233 conjungunt:
1316 2166 1378 2216 δὲ

107 2230 277 2281 'Volsci
313 2234 551 2300 AEquique
598 2233 787 2282 affliftas
838 2235 965 2283 vires
1003 2233 1104 2283 suas
1142 2236 1189 2282 in
1216 2231 1379 2283 imum

108 2302 372 2353 contulere.
387 2301 553 2351 Tertia
571 2302 647 2350 illa
665 2320 820 2369 pugna
836 2318 895 2350 eo
916 2319 1042 2350 anno
1063 2301 1149 2350 fuit
1165 2319 1179 2362 3
1198 2304 1379 2352 eadem
1414 2321 1416 2324 ·

105 2366 300 2417 fortuna
320 2369 567 2419 vietoriam
595 2370 760 2430 dedit3
798 2369 906 2418 fusis
937 2367 1144 2419 hostibus
1173 2408 1188 2431 ‚
1226 2372 1379 2419 etiam«

109 2434 257 2485 castra
289 2451 445 2501 capta.

107 2505 111 2508 ’
177 2503 265 2552 ΙΧ.
314 2503 402 2569 Εἰς
433 2522 506 2554 res
555 2505 779 2556 Romana
819 2506 869 2553 i'n
912 2507 1160 2571 antiquum
1203 2502 1382 2554 statum

64 2570 67 2575 ’
108 2571 248 2622 rediit
273 2588 284 2619 ε
319 2571 634 2641 secundaeque
665 2574 779 2624 belli
800 2590 874 2623 res
897 2573 1143 2638 extemplo
1166 2571 1387 2622 urbanos²

172 2672 198 2713 7
231 2658 374 2720 Magis
400 2660 442 2705 in
472 2675 514 2707 re
540 2659 709 2720 subita]
743 2661 876 2721 Magis
892 2662 981 2718 quia
998 2659 1124 2702 subita
1139 2672 1207 2703 res
1224 2656 1321 2701 fuit.
