1704 3073
315 113 426 191 138
592 116 871 176 T1⁷T1
967 120 1321 178 L1v11

97 207 419 258 U.c.246.cum
437 194 618 247 summa
647 201 840 248 caritate
867 200 1064 264 inopia:
1095 198 1406 267 sedendoque
1433 200 1586 267 expli}

99 264 560 332 2·C-506-gnaturum
591 265 640 315 se
670 267 840 315 urbem
871 304 885 326 ‚
928 267 1061 331 spem
1092 267 1298 317 Porsena
1338 269 1545 317 habebat
1567 285 1583 316 ε

90 386 94 390 .
134 355 178 393 c
199 351 292 392 Mu·
309 351 456 401 quum
483 333 544 384 C.
579 334 772 382 Mucius
803 333 1080 384 adolescens
1108 336 1317 395 nobilis,
1354 338 1429 384 cui
1453 337 1583 384 indi>-

100 413 280 468 ciifaci-
306 419 454 469 gnum
496 402 751 453 videbatur
783 439 796 461 ‚
837 402 1070 467 populum
1104 402 1378 452 Romanum
1409 419 1441 465 7
1482 403 1586 452 ser-

99 490 185 519 nus

303 471 556 531 vientem‚
593 487 737 535 quum
761 470 842 518 sub
862 470 1053 536 regibus
1077 468 1226 531 esset,
1260 472 1394 520 nullo
1416 471 1549 519 bello
1566 508 1582 531 ,

302 555 394 587 nec
437 540 496 587 ab
537 537 748 586 hostibus
782 538 887 586 ullis
921 536 1156 585 obsessum
1195 537 1287 588 esse
1314 577 1328 598 ‚
1371 539 1581 587 liberum

300 606 531 655 eumdem
567 606 803 671 populum
830 605 888 652 ab
921 605 1090 653 iiidem
1120 604 1323 654 Etruscis
1343 606 1582 666 obsideri,

299 691 508 740 quorum
545 673 668 739 saepe
702 673 938 722 exercitus
968 672 1181 722 fuderit·
1169 711 1185 733 ,
1225 673 1252 722 8
1283 677 1446 740 itaque
1470 690 1583 721 ma-

299 760 399 810 gno
437 741 698 807 audacique
727 741 887 806 aliquo
922 740 1138 790 facinore
1172 758 1278 791 eam
1312 742 1581 808 indignita-

299 825 403 858 tem
420 809 759 860 vindicandam
790 822 949 868 ratus,
988 810 1144 875 primo
1167 809 1246 858 sua
1279 808 1450 875 sponte
1485 827 1582 874 pe-

298 893 491 927 netrare
531 880 578 925 in
610 875 815 926 hostium
849 875 994 924 castra
1031 875 1306 926 constituit:
1340 877 1451 926 dein
1476 894 1585 926 me·

299 960 441 995 tuens
463 961 561 1005 ne,
593 944 627 992 fi
655 944 900 994 consulum
932 943 1100 1008 injussu
1130 945 1221 994 &‘
1210 947 1385 1012 lgnaris
1418 947 1581 994 omni·-

297 1014 388 1063 bus
411 1015 535 1074 iret,
560 1011 685 1061 forte
705 1011 1026 1079 deprehensus
1050 1031 1077 1061 a
1098 1012 1370 1062 custodibus
1391 1012 1580 1062 Roma-

298 1083 372 1132 nis
406 1081 726 1131 retraheretur
763 1095 815 1129 ut
845 1079 1126 1147 transfuga,
1170 1096 1200 1145 9
1239 1080 1435 1130 fortuna
1475 1096 1579 1130 turn

301 1151 430 1199 urbis
455 1151 638 1198 crimen
660 1147 924 1197 affirmante
947 1185 961 1207 ‚
994 1118 1209 1197 senat’um
1231 1149 1343 1197 adiit
1364 1166 1375 1197 z
1411 1151 1582 1197 Trans-

299 1220 361 1266 ire
390 1219 607 1277 Tiberim,
646 1219 838 1283 inquit,
868 1219 1064 1274 Patres,
1102 1217 1146 1265 6³
1185 1219 1380 1275 intrare,
1403 1217 1451 1280 fi
1468 1215 1578 1283 pos

220 1287 416 1351 sm
456 1288 597 1352 czstra
619 1286 804 1362 hostium
826 1286 968 1334 volo:
1002 1303 1093 1332 non
1107 1287 1296 1350 praedo,
1323 1303 1402 1333 nec
1424 1303 1578 1350 popu·-

300 1354 523 1402 lanionum
555 1356 747 1402 inwcem
779 1353 909 1402 ultor.
947 1350 1113 1418 Majus
1135 1390 1155 1411 ,
1187 1355 1234 1417 fi
1263 1355 1329 1401 dii
1355 1350 1581 1419 juvant,

299 1423 349 1469 in
369 1424 522 1470 animo
548 1423 604 1488 est
625 1419 835 1486 facinus.
868 1419 1160 1486 Approbant
1189 1421 1382 1470 Patres:
1411 1419 1578 1470 abdito

298 1490 421 1537 intra
439 1487 623 1537 vestem
643 1488 771 1538 ferro
794 1525 808 1548 ‚
847 1487 1176 1554 proficiscitur.
1207 1488 1310 1537 Ubi
1326 1488 1387 1538 eb
1409 1489 1578 1548 venit,

300 1558 350 1604 in
385 1554 728 1605 confertissima
760 1558 898 1605 turba
941 1573 1096 1622 prope
1139 1559 1324 1623 regium
1368 1556 1578 1605 tribuna}

299 1623 526 1674 constitit.
571 1623 643 1673 Ibi
685 1643 832 1690 quum
860 1624 1148 1691 stipendium
1191 1625 1318 1674 forte
1346 1624 1575 1673 militibus

301 1692 529 1753 daretur,
561 1692 615 1741 ὃς
649 1692 798 1741 scriba
840 1711 948 1742 cum
985 1709 1099 1759 rege
1138 1692 1305 1742 sedens
1334 1693 1436 1758 pari
1472 1691 1575 1742 feri:

299 1773 471 1810 ornatu
508 1761 656 1809 multa
690 1777 895 1827 ageret,
941 1779 1050 1809 eum
1085 1761 1260 1811 milites
1290 1761 1441 1826 vulgo
1470 1760 1575 1809 adi-

302 1844 440 1887 rent3
473 1829 648 1878 timens
690 1801 897 1879 sciscitari
941 1844 1045 1878 uter
1082 1828 1287 1878 Porsena
1325 1827 1474 1888 estet,
1510 1845 1575 1878 ne

295 1897 570 1963 ignorando
594 1913 758 1963 regem
784 1897 1030 1964 semetipte
1054 1898 1260 1962 aperiret
1290 1898 1394 1964 quis
1431 1893 1572 1957 esset,

305 1980 328 2013 1
355 1965 453 2031 qub
478 1978 664 2014 temere
697 1968 836 2014 traxit
871 1965 1062 2016 fortuna
1101 1964 1279 2014 facinus
1311 2002 1327 2026 ,
1373 1963 1570 2013 scribam

361 2067 387 2105 7
407 2053 676 2100 Servientem,
703 2068 811 2108 quum
832 2049 904 2105 sub
1029 2064 1054 2103 9
1088 2052 1264 2092 Fortuna
1299 2065 1376 2091 tum
1418 2052 1569 2107 urbrs]

298 2114 449 2170 regibus
468 2114 589 2168 effer]
619 2117 714 2158 Vox
726 2112 904 2168 servien-
969 2113 1091 2165 Quod
1117 2114 1233 2153 status
1265 2115 1372 2153 urbis
1409 2114 1572 2156 obseffae

300 2190 373 2215 tem
405 2176 590 2230 glossema
628 2176 764 2230 sapere
795 2176 904 2215 vide·
970 2175 1010 2216 &
1064 2175 1112 2215 ad
1156 2175 1341 2215 summam
1392 2174 1569 2228 inopiam

297 2248 379 2277 tur.
411 2237 535 2276 Certe
564 2236 703 2277 sufficit
733 2239 902 2277 alterum
966 2236 1134 2276 redastae
1181 2237 1280 2275 hanc
1326 2236 1570 2277 criminatio·

298 2301 532 2344 membrum,
551 2297 737 2352 quumsub
751 2298 901 2354 regibus
965 2311 1055 2337 nem
1086 2299 1330 2350 probabilem
1359 2297 1530 2338 faceret.

300 2359 407 2414 effer.
1030 2371 1045 2398 1
1076 2358 1166 2417 Quo
1193 2359 1364 2412 temere]
1387 2360 1564 2399 Scribam

361 2421 383 2460 8
419 2418 557 2474 Itaque
594 2420 610 2472 ]
663 2420 896 2475 Adeoque:
963 2421 1209 2467 obtruncat,
1250 2422 1288 2460 in
1335 2435 1451 2473 quem
1484 2435 1571 2461 non

297 2482 337 2524 ὅ(
370 2482 539 2524 idcirco.
571 2481 787 2522 Connefiit
813 2483 898 2522 baec
962 2481 1126 2522 consilio
1162 2492 1229 2523 aut
1271 2482 1422 2534 judicio
1445 2510 1455 2529 ,
1496 2483 1565 2522 sed

293 2544 490 2597 particula
553 2544 771 2583 membrum
799 2589 803 2592 ,
835 2543 898 2584 cui
961 2544 1175 2585 temerario
1207 2544 1378 2586 fortunae
1398 2539 1567 2599 impulsu

293 2605 510 2660 praefigitur
553 2619 641 2646 eum
689 2618 740 2645 eo
788 2605 897 2659 quod
959 2605 1066 2646 auus
1090 2605 1161 2647 est.

292 2666 506 2719 praeceffit.
