1643 3078
0 179 16 182 ‚‚
395 117 441 173 L
485 131 506 170 1
551 130 585 169 Β
634 129 666 168 Ε
710 131 748 170 R
855 116 929 171 V.
1187 131 1297 192 509

0 187 235 254 *ffdifkator
264 195 514 261 extemplo
551 194 785 242 diceretur
809 231 822 251 ‚
857 193 1124 260 militesque
1148 195 1297 243 habe·
1317 210 1507 263 U·C·365-

0 259 138 315 }'³,tent
173 266 519 330 imperatorem
563 279 708 326 quem
746 260 968 318 vellent,
1009 263 1181 310 eiidem
1213 263 1303 309 de·-
1320 272 1508 319 ³423&-

0 329 208 398 ngreffus,
244 368 258 391 ‚
304 331 496 378 nuntius
537 330 692 378 Veios
741 328 992 377 contendit
1026 346 1037 375 ε
1088 328 1303 394 mistique

0 428 2 459 ὲ
24 398 251 446 Ardeam
285 397 431 464 legati
456 396 516 445 ad
550 396 809 447 Camillum
834 433 849 456 ‚
884 394 1041 444 Veios
1064 412 1173 443 eum
1197 413 1308 461 per-

0 466 1 500 ἒ
35 466 216 514 duxere
241 481 252 513 ι
283 464 362 513 seu
382 503 396 525 ‚
428 463 451 530 (
473 465 602 530 quod
623 467 775 531 magis
796 463 995 511 credere
1023 462 1140 511 libet
1162 500 1176 522 ,
1206 481 1309 512 non

35 534 166 600 prius
188 531 456 598 profe&um
477 532 535 580 ab
562 532 724 582 Ardea
745 570 760 591 ‚
789 530 933 596 quem
966 532 1204 596 comperit
1232 530 1308 579 le-

39 617 151 667 gem
179 601 355 648 latam:
395 599 528 667 quod
557 617 648 648 nec
681 598 848 663 injuss'u
881 599 1050 664 populi
1081 614 1114 657 4
1137 599 1313 645 mutari

35 667 210 717 finibus
246 667 401 733 poffet
422 705 436 727 ,
465 684 556 716 nec
591 666 674 715 nisi
704 666 900 714 di&ator
929 665 1077 713 dicius
1107 665 1313 730 auspicia

38 737 88 784 in
118 737 329 785 exercitu
348 736 526 784 habere
547 733 568 800 )
604 735 682 784 lex
707 736 881 784 curiata
903 733 999 783 lata
1031 731 1098 782 est
1117 769 1133 794 ,
1160 732 1315 781 dicia-

38 801 410 869 torquenbsens
440 800 603 851 dicius.

109 870 321 919 XLVII.
351 869 487 919 Dum
511 870 613 918 haec
630 869 767 919 Veiis
787 869 1052 936 agebantur
1074 907 1088 931 ‚
1122 870 1314 918 interim
1363 902 1419 941 Ca
1448 900 1528 944 ito·

43 956 127 987 arx
154 937 327 987 Romae
357 937 753 1004 Capitoliumque
789 939 837 984 in
869 939 1051 1003 ingenti
1095 938 1314 1003 periculo
1332 961 1379 1002 [ἦ
1415 916 1527 1017 {jen--

41 1005 165 1067 fuit3
200 1023 408 1072 namque
430 1004 560 1054 Galli
581 1044 594 1066 ‚
630 1004 709 1054 seu
727 1003 927 1070 vestigio
948 1019 1119 1054 notato
1148 1006 1315 1054 huma·
1334 1024 1480 1070 culum.

44 1092 110 1123 no
133 1112 150 1133 ‚
191 1074 285 1140 qu&
314 1075 505 1122 nuntius
534 1091 560 1121 a
596 1073 732 1122 Veiis
762 1087 1052 1138 pervenerat
1075 1109 1089 1132 ‚
1127 1071 1206 1122 seu
1239 1073 1320 1122 su&

42 1142 214 1208 sponte
253 1140 583 1194 animadverso
618 1141 679 1189 ad
711 1138 985 1190 Carmentis
1026 1139 1187 1189 saxum
1230 1142 1325 1190 ad-

43 1209 207 1259 scensu
246 1228 386 1277 aequo
419 1248 434 1270 ‚
480 1206 619 1258 nocie
658 1207 921 1269 sublustrissrr,
980 1226 1129 1274 quum
1165 1211 1326 1275 primb

45 1280 315 1340 inermem,
346 1279 427 1344 qui
469 1291 677 1325 tentaret
716 1278 848 1325 viam
880 1313 896 1335 ‚
935 1275 1277 1341 praemiffissent
1304 1315 1324 1339 ,

47 1346 295 1395 tradentes
329 1344 443 1393 inde
483 1362 612 1392 arma
638 1381 652 1403 ‚
689 1343 770 1391 ubi
816 1343 930 1409 quid
974 1345 1124 1411 iniqui
1158 1343 1273 1395 esset
1308 1384 1328 1406 ‚

48 1413 222 1463 alterni
255 1414 404 1461 innixi
434 1411 825 1478 sublevantesque
849 1412 1052 1461 invicem
1077 1450 1092 1472 ‚
1138 1413 1191 1462 ὃς
1226 1428 1329 1463 tra-

53 1481 225 1531 hentes
254 1481 331 1529 alii
362 1481 481 1528 alios
503 1517 517 1540 ‚
555 1494 700 1546 prout
724 1477 984 1545 postularet
1003 1480 1165 1543 locus,
1189 1496 1328 1532 tanto

55 1547 244 1598 silentio
280 1550 328 1596 in
363 1547 599 1597 summum
627 1546 816 1597 evasere
843 1584 857 1605 ‚
899 1563 950 1596 ut
981 1566 1080 1597 non
1107 1548 1328 1600 custodes

52 1616 208 1666 solum
238 1614 459 1665 fallerent
482 1653 496 1675 ‚
526 1615 607 1665 sed
635 1632 696 1664 ne
724 1631 866 1664 canes
890 1616 1085 1681 quidem
1104 1654 1117 1677 ,
1145 1616 1329 1667 sollici-

54 1699 159 1733 tum
188 1684 363 1732 animal
391 1684 453 1732 ad
476 1684 737 1733 nociurnos
760 1682 979 1748 strepitus
1002 1722 1017 1745 ‚
1047 1685 1351 1743 excitarent„

65 1767 86 1817 5
113 1750 323 1800 Anseres
349 1769 449 1801 non
480 1751 700 1801 fefellere
723 1789 737 1812 ‚
769 1753 943 1817 quibus
960 1751 1096 1800 sacris
1118 1752 1295 1803 Junoni
1314 1793 1329 1817 ,
1348 1760 1542 1820 Anseres.

58 1821 110 1869 in
148 1818 330 1869 summa
371 1821 534 1885 inopia
573 1820 664 1867 cibi
694 1857 708 1879 ‚
760 1833 923 1867 tamen
969 1819 1333 1884 abstinebatur3

62 1906 169 1956 quae
195 1904 272 1936 res
303 1887 436 1937 saluti
469 1886 574 1936 fuit.
604 1886 827 1953 Namque
860 1887 1088 1955 clangore
1128 1906 1332 1954 eorum,

22 2067 23 2070 Ἴ
63 2018 301 2061 notandum.
343 2017 530 2060 Dictator
563 2019 668 2060 enim
767 2076 770 2079 Ι
798 2033 816 2071 5
839 2018 1008 2074 Anseres
1026 2021 1333 2077 nonfefellere]

63 2082 143 2121 dici
178 2082 351 2121 debebat
383 2082 432 2120 ab
466 2094 516 2121 eo
543 2082 669 2135 magi·
731 2081 873 2123 Docet
893 2082 1000 2124 Plut.
1018 2084 1086 2124 sub
1104 2083 1224 2124 finem
1243 2087 1335 2127 libri

65 2144 185 2183 stratu
209 2169 222 2190 ,
260 2142 374 2195 cujus
406 2143 550 2182 summa
581 2153 668 2182 erat
733 2144 782 2183 de
816 2144 978 2184 fortuna
1018 2145 1292 2187 Romanorum
1318 2176 1336 2196 ,

66 2203 257 2260 potestas.
279 2204 360 2243 Sed
377 2203 582 2244 neceffitas
602 2218 670 2244 co·
733 2205 802 2245 suo
822 2205 950 2245 adhue
970 2221 1060 2247 aevo
1080 2237 1092 2258 ‚
1118 2207 1157 2247 in
1181 2223 1340 2251 memo-

67 2268 189 2322 gebat
210 2281 231 2305 a
252 2265 369 2305 solito
390 2279 502 2306 more
524 2266 563 2305 in
581 2265 669 2320 qui·
731 2267 830 2306 riam
849 2265 935 2320 ejus
948 2267 1007 2308 rei
1021 2296 1032 2313 ,
1054 2268 1206 2309 solenni
1224 2285 1340 2324 porn-

68 2327 231 2368 busdam
257 2327 470 2367 recedere.
733 2327 784 2381 pa
812 2328 951 2382 gestari
979 2328 1136 2370 solitum
1163 2331 1239 2372 effe
1268 2347 1338 2373 ca-

131 2401 159 2438 4
176 2387 522 2445 Mutarifinibus]
554 2387 586 2427 E
604 2401 672 2441 pe·
735 2403 826 2430 nem
843 2389 881 2429 in
900 2390 1011 2430 furca
1031 2390 1208 2432 suffixum
1228 2422 1239 2442 ,
1264 2408 1339 2434 an·

69 2449 233 2504 tegrino
250 2449 336 2490 solo
350 2450 390 2489 in
409 2449 509 2489 fines
528 2448 674 2490 Roma·
736 2451 862 2492 serem
882 2451 981 2493 vero
998 2452 1036 2493 in
1052 2453 1193 2495 leffica
1211 2455 1251 2495 ὃς
1266 2469 1341 2495 ve-

72 2525 173 2556 nos,
193 2509 273 2551 five
291 2511 330 2550 in
348 2512 484 2552 locum
503 2510 570 2564 qui
587 2510 676 2550 Ro·
738 2512 792 2552 ste
832 2512 1001 2568 stragula
1041 2515 1157 2557 velut
1193 2517 1341 2558 trium-

73 2585 198 2676 Panae
220 2572 384 2618 ditionis
403 2572 501 2615 effet
516 2597 532 2622 ,
564 2581 679 2615 tran·
737 2574 948 2630 phantem.

92 2647 169 2675 ire.
