1653 3078
500 126 544 180 L
589 140 609 178 1
650 141 684 180 Β
733 141 767 180 E
814 143 852 180 R
950 128 995 182 Ι.
1284 139 1358 200 43

92 205 140 252 in
174 203 347 252 dextris
377 201 608 253 sacratam
645 203 754 254 esse.
790 203 945 252 Multa
980 203 1069 250 alia
1106 203 1364 265 sacrificia,

93 273 295 336 locaque
327 269 463 320 sacris
503 271 728 321 faciendis
750 310 765 332 ,
799 288 906 335 quae
942 286 974 329 4
1008 270 1198 335 Argeos
1234 290 1363 336 pon-

86 336 238 386 tifices
268 353 476 398 vocant,
510 339 769 389 dedicavit.
799 338 1037 389 Omnium
1067 353 1229 385 tamen
1250 357 1365 387 ma·-

88 407 270 453 ximum
306 405 409 468 ejus
447 424 654 472 operum
692 407 778 455 fuit
804 445 816 466 ,
863 405 1012 454 tutela
1038 441 1053 464 ‚
1093 421 1180 469 per
1211 423 1360 455 omne

87 475 222 538 regni
263 488 454 540 tempus
475 512 490 534 ‚
514 475 640 523 haud
669 478 825 523 minor
862 474 991 539 pacis
1030 474 1175 538 quum
1209 475 1364 538 regni.

85 537 157 587 Ita
201 539 299 588 duo
350 543 580 609 deinceps
619 559 756 609 reges
783 578 797 599 ‚
843 541 957 588 alius
994 541 1084 587 alia
1127 539 1237 598 via,
1278 541 1359 588 ille

84 606 248 665 bello,
284 610 360 657 hic
381 627 533 675 pace,
564 611 807 658 civitatem
837 620 1085 656 auxerunt.
1117 605 1361 656 Romulus

86 673 271 740 septem
308 677 359 725 ὅ(
385 679 576 744 triginta
605 677 826 743 regnavit
856 693 1007 724 annos
1037 692 1047 722 :
1078 673 1237 723 Numa
1263 689 1360 723 tres

87 742 143 790 &
164 743 494 811 quadraginta.
516 743 647 793 Tum
671 744 830 793 valida
849 780 864 802 ‚
886 751 987 791 tum
1017 757 1285 808 temperata
1308 742 1361 791 ὅ(

85 808 199 858 belli
223 810 273 858 &
295 815 423 877 pacis
447 812 623 861 artibus
648 826 748 860 erat
770 813 953 859 civitas.

153 877 313 927 XXII.
332 878 504 928 Numae
532 894 692 928 morte
725 880 784 927 ad
813 880 1139 944 interregnum
1169 894 1244 926 res
1276 882 1362 925 re-'

34 1006 39 1009 γ
83 942 186 995 diit.
229 945 348 996 Inde
370 945 566 995 Tullum
608 945 867 995 Hostilium
889 983 904 1004 ‚
938 961 1172 1011 nepotem
1196 945 1359 993 Hosti-
1378 954 1568 1011 U.7c,82.

84 1011 164 1070 lii,
195 1011 329 1076 cujus
364 1016 412 1063 in
446 1013 609 1063 infima
639 1031 748 1063 arce
786 1015 909 1062 clara
945 1031 1101 1080 pugna
1127 1013 1358 1062 adversus
1376 1011 1566 1059 a&5670-

83 1077 288 1129 Sabinos
324 1083 514 1142 fuerat,
557 1098 724 1148 regem
765 1083 972 1148 populus
1006 1080 1149 1146 juffit.
1190 1080 1356 1130 Patres
1429 1067 1570 1135 T'fllj'*

83 1147 303 1197 auctores
350 1149 476 1199 facti.
520 1149 615 1197 Hic
661 1167 763 1198 non
797 1149 950 1198 sol-hm
996 1151 1220 1215 proximo
1255 1129 1569 1230 regifhffiliss‘f

84 1214 311 1265 diffimilis
341 1254 356 1277 ‚
396 1218 479 1266 sed
526 1216 737 1267 ferocior
776 1219 922 1266 etiam
963 1216 1177 1265 Romulo
1219 1217 1307 1266 fuit
1341 1207 1475 1293 322?
1499 1206 1570 1246 ‘ff‘

81 1297 184 1330 turn
224 1299 335 1333 aetas
372 1283 590 1351 viresque
613 1324 627 1346 ,
663 1299 766 1333 tum
802 1288 931 1333 avita
971 1302 1168 1351 quoque
1208 1285 1360 1352 gioria
1441 1281 1452 1293 ’

82 1354 295 1399 animum
323 1351 608 1401 stimulabat.
641 1351 901 1411 Senescere
935 1353 1075 1419 igitur
1114 1355 1362 1403 civitatem
1415 1363 1421 1366 '

86 1421 189 1467 otio
220 1435 346 1467 ratus
369 1458 384 1479 ‚
418 1422 630 1486 undique
679 1422 930 1470 materiam
969 1421 1207 1469 excitandi
1246 1422 1363 1470 belli

84 1490 345 1551 quaerebat.
371 1488 517 1537 Forte
550 1491 713 1537 evenit
735 1526 750 1549 ,
770 1505 821 1537 ut
839 1487 1047 1554 agrestes
1068 1487 1279 1537 Romani
1301 1508 1363 1538 ex

85 1555 282 1604 Albano
303 1573 419 1622 agro
441 1594 454 1616 ‚
486 1556 658 1604 Albani
681 1573 739 1604 ex
765 1557 994 1605 Romano
1028 1556 1210 1621 praedas
1235 1559 1365 1605 invi-

85 1638 193 1670 cem
224 1638 434 1689 agerent.
464 1623 775 1688 Imperitabat
815 1639 914 1673 tum
943 1622 1005 1672 C.
1032 1622 1236 1672 Cluilius
1268 1625 1365 1673 Al-

83 1688 453 1758 bae3utrimque
481 1693 624 1758 legati
655 1691 754 1740 fere
790 1690 871 1740 sub
905 1693 1035 1739 idem
1071 1706 1264 1757 tempus
1300 1693 1364 1742 ad

85 1774 159 1806 res
193 1760 480 1823 repetendas
518 1758 656 1809 miffi.
688 1759 860 1808 Tullus
894 1775 1190 1826 praeceperat
1222 1759 1311 1808 suis
1344 1799 1361 1822 ‚

85 1842 145 1873 ne
176 1826 290 1891 quid
323 1829 480 1893 prius,
509 1828 653 1894 quum
687 1828 912 1876 mandata
939 1867 954 1888 ‚
979 1843 1216 1894 agerent3
1256 1827 1367 1878 satis

82 1890 286 1953 sciebat,
317 1911 602 1961 negaturum
641 1894 887 1944 Albanum
914 1912 928 1954 3
963 1898 1028 1943 ita
1059 1897 1137 1960 pie
1179 1896 1363 1945 bellum

83 1961 230 2016 indici
274 1962 422 2027 posse.
461 1962 541 2011 Ab
576 1963 778 2011 Albanis
821 1963 1067 2011 socordius
1105 1980 1177 2012 res
1212 1963 1313 2012 aesta
1346 1981 1363 2024 3

83 2032 274 2094 excepti
309 2030 520 2095 hospitio
551 2032 608 2078 ab
643 2030 790 2080 Tullo
820 2030 996 2079 blande
1033 2048 1087 2078 ac
1119 2033 1362 2097 benigne,

13 2103 18 2107 ’
82 2099 285 2146 comiter
319 2099 442 2165 regis
479 2100 761 2147 convivium
811 2099 1057 2148 celebrant
1088 2115 1101 2157 3
1133 2099 1365 2164 tantisper

85 2162 295 2214 Romani
319 2165 369 2215 &
389 2183 463 2216 res
488 2168 813 2233 repetiverant
842 2168 1030 2234 priores
1053 2205 1068 2227 ,
1095 2167 1146 2217 ὃς
1164 2169 1363 2234 neganti

86 2287 149 2327 dei
164 2290 271 2343 quod
291 2290 431 2331 dextr&
449 2292 581 2333 datur.
749 2291 884 2333 Festus
921 2291 1031 2333 addit
1059 2291 1097 2331 in
1138 2292 1214 2333 illis
1255 2292 1362 2333 locis

145 2362 172 2398 4
191 2351 372 2406 Argeos]
404 2352 556 2408 Argeos
576 2383 589 2399 ‚
624 2353 686 2393 in-
749 2354 926 2408 sepultos
955 2353 1031 2395 esse
1064 2354 1252 2407 quosdam
1283 2354 1362 2393 Ar-

83 2411 169 2464 quit
195 2412 326 2452 Varro
346 2442 357 2460 ‚
385 2415 414 2454 l.
437 2415 496 2456 IV
528 2415 577 2454 de
607 2416 685 2455 lin·
750 2415 1112 2471 givorumillustres
1125 2415 1246 2455 viros.
1261 2414 1361 2455 Poro

83 2485 159 2526 gua
197 2472 286 2512 Lat.
323 2476 440 2515 didos
478 2489 620 2530 putant
661 2491 685 2516 a
747 2492 793 2517 ro
816 2477 1006 2517 Saturnia
1035 2478 1112 2517 fuit
1131 2477 1260 2517 urbsa
1281 2475 1358 2516 Sa-

77 2533 319 2588 principibus
356 2540 420 2591 qui
457 2538 549 2578 duce
578 2537 685 2578 Her·
747 2548 868 2579 turno
895 2539 1056 2579 condita
1087 2538 1143 2577 in'
1164 2551 1215 2578 eo
1238 2551 1359 2576 mon-

84 2594 169 2634 cule
201 2596 352 2651 Argivo
384 2611 604 2646 venerunt,
646 2599 689 2639 ἃ
746 2609 823 2646 te,
866 2600 932 2654 qui
974 2599 1060 2654 post
1101 2598 1360 2654 Capitolinus
1398 2642 1404 2645 ,

60 2669 130 2695 m
177 2655 369 2699 Saturnia
414 2656 687 2716 subsederunt.
749 2661 877 2703 dicius
902 2660 972 2703 est.

945 2717 997 2767 D
1034 2716 1089 2783 v}
