1704 3073
130 655 260 700 auget.

340 76 409 136 218
619 75 889 133 T1T1

981 78 1317 135 L1v.11

331 156 458 204 haud
479 157 684 222 poenitet
702 174 873 206 eorum
897 157 1142 208 sententiae
1162 155 1253 207 ess'e
1270 195 1283 216 ‚
1304 155 1475 225 quibus
1498 154 1528 207 8
1551 155 1606 208 δέ

333 227 635 290 apparitores
661 225 713 273 &
737 225 831 274 hoc
855 242 1004 292 genus
1039 227 1099 274 ab
1129 225 1335 274 Etruscis
1361 224 1568 274 finitimis
1591 263 1609 287 ‚

331 293 464 341 unde
479 307 508 356 9
532 292 641 341 sella
666 294 838 341 curulis
857 330 871 354 ,
890 293 1019 343 unde
1048 311 1068 342 1
1090 308 1205 361 toga
1228 307 1456 360 praetexta
1475 292 1612 340 sum-

333 375 418 426 pta
438 359 503 409 est
519 399 533 419 ‚
549 378 800 409 numerum
819 379 1012 428 quoque
1038 361 1191 428 ipsum
1208 360 1399 411 dufium
1417 361 1607 427 placet:

333 427 391 477 ὅ(
426 430 490 478 ita
528 427 734 477 habuisse
771 427 992 478 Etruscos
1013 467 1028 489 .‚
1071 430 1203 496 quod
1244 447 1304 479 ex
1349 429 1614 478 duodecim

335 497 527 562 populis
564 498 883 545 communiter
915 513 1078 547 creato
1113 514 1260 565 rege,
1294 496 1499 564 singulos
1516 494 1611 544 fin-

180 577 322 622 Urbem
338 565 633 631 guli‘populi
667 563 856 612 hermes
888 565 1125 615 dederint.
1178 565 1440 615 Crescebat
1484 566 1612 613 inte-

338 634 426 680 rim
463 634 572 679 urbs
607 633 986 691 munitionibuS,
1025 651 1175 701 quum
1217 633 1309 681 alia
1342 649 1488 699 atque
1519 632 1613 680 alia

336 700 619 765 appetendo
642 700 747 748 loca
766 738 782 759 ,
809 703 856 748 in
871 700 1003 767 spem
1030 700 1377 768 magis'futurae
1399 701 1613 749 multitu·-

336 767 487 828 dinis,
513 769 657 833 quom
679 785 706 815 2.
729 768 788 816 ad
821 769 868 817 id
899 769 1031 836 quod
1059 784 1163 818 turn
1191 768 1444 819 hominum
1473 780 1608 829 erat,

334 890 554 946 suspeRum
602 892 697 932 effet
750 893 943 947 loquendi

335 968 462 1008 genus
486 985 497 1005 ‚
530 954 596 993 nisi
631 955 775 995 eodem
810 955 942 997 rursus

333 1015 439 1054 infra
457 1042 469 1063 ,
505 1029 543 1058 c,
579 1025 660 1068 39,
690 1016 825 1057 Livius
853 1028 943 1057 ute·

334 1087 449 1116 retur
479 1090 489 1117 z
531 1091 660 1117 eorum
694 1078 814 1133 magis
849 1076 942 1130 sen-

336 1143 465 1179 tentiae
485 1135 569 1191 sum
590 1151 603 1178 .·
632 1139 672 1180 ἃ
695 1140 724 1178 1.
743 1139 910 1181 XXVII
928 1168 942 1188 ,

336 1213 375 1240 c.
411 1213 497 1250 25,
530 1199 634 1253 cujus
664 1197 875 1254 sententiae
901 1201 940 1242 ὃ·

335 1260 480 1301 Fabius
503 1259 603 1314 fuit.

402 1330 426 1370 8
447 1331 502 1371 Et
516 1332 784 1386 apparitores,
808 1332 844 1372 δ’
871 1332 942 1372 hoc

333 1392 481 1447 genus]
508 1393 559 1433 Et
588 1394 868 1447 apparitores,
900 1394 942 1436 &

335 1455 416 1493 hoc
465 1457 736 1507 apparitorum
782 1469 908 1510 genus
930 1482 943 1502 ,

336 1529 481 1568 nempe
502 1516 945 1572 lie}0res.Apparicores

338 1578 540 1617 communi
574 1579 773 1618 vocabulo
802 1579 946 1632 appel-

336 1639 471 1678 lantur
501 1638 528 1678 ii
557 1652 694 1680 omnes
721 1639 787 1693 qui
803 1637 945 1694 p'raesto

340 1700 430 1740 sunt
458 1699 635 1753 imperiis
672 1701 740 1742 seu
772 1714 911 1757 regum
930 1728 942 1748 ,

340 1761 409 1801 seu
423 1762 715 1816 magistratuum
729 1763 946 1816 exsequen-

338 1822 415 1862 dis.
446 1822 619 1863 Lifflores
655 1839 775 1864 unum
815 1825 947 1878 quod-

341 1884 430 1924 dam
479 1886 749 1938 apparitorum
801 1900 945 1939 genus.

338 1944 491 1986 Melius
519 1958 655 1986 tamen
693 1947 852 1988 fortasse
882 1961 949 1987 re·-

339 2006 421 2047 ciso
450 2008 581 2047 altero
616 2009 653 2048 ὃ·
694 2010 899 2063 legeretur
931 2037 944 2057 ,

340 2068 449 2122 quod
478 2079 619 2110 monet
647 2069 736 2111 Jac.
777 2068 948 2110 Grono-

338 2130 455 2176 vius,
491 2129 549 2169 Et
592 2131 838 2185 apparitores
873 2132 946 2171 hoc

336 2204 486 2246 genus,
517 2192 556 2230 id
587 2192 641 2233 est
661 2223 676 2243 ,
706 2194 785 2231 hoc
819 2205 946 2248 genus

337 2253 628 2305 apparitorum.
665 2254 811 2307 Neque
841 2254 947 2294 enim

337 2312 550 2353 verisimile
587 2314 640 2354 est
670 2316 801 2354 nullos
821 2314 946 2355 Alba-

338 2375 398 2414 nis
418 2375 577 2429 regibus
593 2375 800 2429 stipatores
820 2376 861 2416 &
879 2391 948 2429 ap·

339 2437 540 2490 paritores
551 2437 680 2483 fuisse,
693 2437 800 2476 unde
815 2451 948 2476 exem-

338 2498 447 2552 plum
472 2497 625 2538 sumere
649 2498 847 2538 Romulus
871 2513 945 2552 po-

335 2559 476 2598 tuerit.
501 2560 582 2600 Sed
614 2562 696 2599 hoc
723 2573 847 2614 genus
874 2573 946 2613 ap-

334 2620 555 2674 paritorum
574 2649 588 2669 ,
609 2622 680 2665 ino
699 2621 837 2663 lubitu
853 2647 870 2669 ,,
894 2621 945 2662 is.-

1004 894 1051 935 lis
1072 893 1285 950 insignibus
1300 921 1311 942 ,
1330 893 1394 948 qui
1418 892 1545 934 fasces
1568 891 1612 934 &

1005 956 1165 997 secures
1193 955 1463 1009 praeferrent,
1497 953 1611 994 liuo-

1004 1031 1070 1058 res
1084 1018 1254 1072 denique
1268 1045 1285 1065 ‚v
1295 1019 1341 1057 ab
1355 1016 1530 1057 Etruscis
1544 1015 1615 1055 du-

1006 1079 1090 1120 &os
1107 1078 1183 1119 effe
1200 1078 1318 1119 facile
1335 1079 1446 1118 credi
1462 1076 1614 1131 potest.

1065 1152 1091 1193 9
1109 1140 1224 1180 Sella
1242 1139 1416 1193 curulis]
1437 1139 1494 1178 Ex
1513 1139 1609 1178 ebo·

1002 1215 1064 1242 re.
1087 1202 1205 1242 Sellae
1223 1201 1372 1241 curulis
1386 1199 1615 1257 appellatio.

1004 1263 1218 1304 deducitur
1231 1262 1335 1315 apud
1354 1261 1408 1304 A.
1431 1256 1613 1303 &ellium

1004 1326 1032 1366 1.
1053 1325 1111 1365 111
1134 1352 1144 1372 ,
1160 1338 1196 1364 c.
1222 1323 1272 1364 18
1292 1351 1304 1370 ,
1323 1337 1342 1362 a
1356 1336 1468 1363 curru
1488 1336 1502 1362 .·
1522 1322 1614 1376 quia

1005 1400 1148 1440 nempe
1175 1385 1201 1425 ii
1219 1385 1362 1439 quibus
1386 1383 1454 1424 illa
1469 1383 1614 1424 utendi

1003 1447 1068 1503 jus
1103 1458 1188 1488 erat
1207 1474 1219 1494 ,
1250 1460 1336 1486 eam
1365 1446 1501 1486 currui
1531 1458 1613 1500 quo

1005 1510 1259 1550 vehebantur
1282 1508 1490 1562 imponere
1510 1507 1613 1548 sole-

1006 1581 1114 1613 rent·

1073 1644 1093 1672 Ι
1117 1630 1226 1687 Toga
1239 1628 1464 1686 pratexta]
1503 1628 1614 1684 Toga
1645 1628 1649 1631 “

1007 1694 1166 1748 propria
1180 1693 1451 1734 Romanorum
1467 1690 1586 1731 vestis
1599 1721 1612 1742 ,

1009 1756 1101 1796 albo
1118 1757 1273 1796 colore.
1293 1753 1462 1793 Tunicae
1477 1752 1616 1806 super·

1008 1816 1277 1870 injiciebatur.
1287 1814 1403 1870 Toga
1419 1824 1614 1866 praetexta

1008 1893 1222 1932 purpuram
1244 1879 1282 1917 in
1312 1890 1382 1916 ora
1410 1876 1581 1916 habebat
1601 1887 1615 1915 ε

1008 1940 1114 1979 unde
1156 1953 1243 1979 eam
1283 1937 1421 1980 Graeci
1462 1945 1616 1977 vocant

1007 2001 1323 2062 περιπόρφυρον.
1341 2005 1542 2048 Praetexta
1559 2006 1618 2045 dio

1010 2070 1174 2107 cebatur
1191 2083 1213 2107 a
1225 2069 1500 2122 praetexcndo,
1524 2067 1620 2122 quia

1010 2129 1190 2170 nimirum
1208 2143 1382 2183 purpura
1396 2129 1433 2170 ei
1445 2140 1620 2183 praetex·

1009 2201 1046 2230 ta
1063 2200 1166 2231 erat.
1187 2189 1242 2230 Εἲι
1254 2191 1470 2230 utebantur
1490 2189 1620 2246 magi-

1007 2252 1149 2292 stratus
1163 2279 1174 2298 ‚
1195 2252 1311 2305 pueri
1330 2251 1507 2307 ingenui,
1531 2251 1620 2293 &c-

1072 2326 1096 2353 2
1116 2314 1184 2352 Ad
1201 2313 1243 2350 id
1266 2315 1369 2367 quod
1391 2326 1469 2352 tum
1488 2311 1619 2352 homi-

1010 2389 1097 2414 num
1137 2386 1221 2413 erac
1239 2373 1256 2427 ]
1288 2373 1370 2426 Qui
1407 2375 1482 2414 unzi
1524 2387 1620 2415 cum

1010 2435 1186 2476 Romulo
1241 2436 1380 2475 urbem
1437 2435 1621 2475 condere

1011 2506 1248 2551 coeperant,
1266 2511 1347 2536 non
1367 2497 1500 2550 plures
1530 2495 1624 2536 fue·

1009 2572 1052 2598 re
1074 2586 1085 2605 ‚
1115 2557 1140 2598 fi
1162 2557 1360 2613 Dionysio
1388 2557 1586 2598 credimus
1604 2583 1624 2604 2,

1008 2620 1040 2662 1.
1074 2620 1115 2660 11
1133 2645 1147 2669 ‚
1176 2621 1291 2674 quarn
1318 2629 1380 2662 ter
1410 2618 1516 2659 mille
1546 2631 1625 2674 pe-
