1704 3073
395 109 506 174 152
671 93 1422 153 T1T1L1v11·

182 193 376 244 U,c„253‚
392 173 660 229 consulibus
687 192 719 239 7
755 176 881 225 aedes
909 176 1117 225 Saturno
1148 175 1366 224 dedicata
1391 192 1402 224 :
1437 174 1466 226 8
1492 175 1670 228 Satin-0·

183 250 378 302 a.C·49.›,.
393 246 532 293 naliar
547 240 781 295 institutus
801 243 944 294 festus
964 241 1083 293 dies.
1112 244 1173 293 A.
1195 244 1370 294 deinde
1397 242 1667 296 Postumius

392 312 446 362 &
482 310 545 363 T.
592 312 839 378 Virginius
884 311 1103 362 consules
1150 312 1274 362 faffl.
1323 312 1435 360 Hoc
1469 313 1668 362 demum

390 398 521 431 anno
570 380 631 428 ad
678 381 920 447 Regillum
969 381 1124 429 lacum
1171 397 1437 448 pugnatum
1468 418 1483 440 ‚
1537 381 1669 446 apud

393 447 625 515 quosdam
645 450 842 496 invenio
865 464 876 495 ε
906 448 970 495 Α.
989 446 1283 497 Postumium
1303 486 1318 508 ‚
1351 450 1460 516 quia
1481 449 1678 518 collega

393 519 553 566 dubiae
572 516 682 564 fidei
703 515 871 574 fuerit,
896 515 943 564 se
968 515 1213 565 consulatu
1235 514 1468 565 abdicaffe
1488 534 1498 564 :
1522 517 1672 565 dicia-

394 600 554 634 torem
602 584 717 633 inde
755 582 950 632 facium.
995 582 1144 632 Tanti
1193 602 1380 634 errores
1420 586 1670 650 implicant

393 668 675 718 temporum
696 690 711 712 ‚
734 653 868 701 aliter
887 652 1015 719 apud
1036 653 1154 701 alios
1174 653 1404 701 ordinatis
1425 652 1671 719 magistra-

389 723 515 769 tibus
536 757 554 779 ‚
591 736 643 768 ut
688 737 779 768 nec
809 722 888 786 qui
927 720 1142 770 consules
1173 737 1204 786 9
1238 719 1501 770 secundum
1526 720 1671 787 quos·
1703 733 1704 737 ’

177 788 500 857 U,c.259.dam
539 825 555 849 ,
607 806 697 837 nec
737 790 852 854 quid
893 806 1088 855 quoque
1122 807 1249 838 anno
1283 788 1438 837 actum
1475 787 1572 848 fit,
1608 792 1668 839 'in

178 868 369 919 &5493-
389 872 522 905 tanta
545 855 779 905 vetustate
799 895 813 918 ,
851 875 949 905 non
980 875 1138 906 rerum
1174 857 1326 905 modo
1356 894 1372 917 ,
1406 855 1489 905 sed
1521 858 1670 906 etiam

244 927 323 981 Ap.
389 925 635 973 auctorum
659 963 674 985 ,
696 925 914 991 digerere
931 923 1094 990 postis,
1121 924 1222 991 Ap.
1242 924 1470 974 Claudius
1489 923 1675 975 deinde

178 989 370 1033 Claudio,
393 993 444 1041 &
467 992 516 1040 P.
536 992 763 1042 Servilius
797 995 1013 1042 consules
1039 992 1162 1042 facti.
1196 992 1391 1060 Insignis
1417 993 1492 1040 hic
1517 1010 1669 1042 annus

178 1052 335 1121 5²:521·
388 1059 455 1110 est
487 1062 657 1109 nuntio
699 1058 950 1127 Tarquinii
980 1064 1165 1110 mortis.
1205 1061 1431 1110 Mortuus
1458 1058 1524 1109 est
1557 1059 1669 1110 Cu-

177 1116 277 1155 V¹¹¹0
387 1132 510 1189 mis,
544 1131 641 1188 quo
678 1129 724 1179 se
766 1128 871 1196 post
905 1128 1070 1178 fraclas
1106 1146 1227 1196 opes
1275 1128 1557 1178 Latinorum
1603 1129 1666 1179 ad

176 1175 289 1216 Coss.
384 1197 748 1246 Aristodemum
779 1214 1038 1264 tyrannum
1073 1199 1355 1247 contulerat.
1386 1195 1459 1245 Eo
1493 1199 1665 1247 nuntio

384 1265 528 1314 erecti
553 1265 715 1315 Patres
735 1305 748 1326 ‚
783 1266 940 1315 eressa
962 1260 1127 1332 plebes
1148 1283 1161 1327 ς
1193 1266 1274 1314 sed
1296 1265 1559 1326 Patribusx1
1588 1268 1668 1314 ni-

384 1336 475 1383 mis
497 1334 733 1383 luxuriosa
756 1353 810 1385 ea
831 1334 919 1383 fuit
950 1335 1140 1383 laetitia:
1171 1335 1304 1400 plebi
1322 1371 1336 1394 ,
1373 1335 1448 1382 cui
1471 1332 1530 1382 ad
1555 1349 1664 1383 eam

382 1402 513 1450 diem
564 1403 748 1451 summ&
787 1420 882 1470 ope
925 1403 1206 1452 inservitum
1246 1417 1385 1460 erat,
1423 1400 1604 1467 injuriae
1636 1420 1665 1452 a

379 1471 675 1536 prirnoribus
710 1470 813 1521 fieri
857 1488 1072 1538 coepere.
1114 1470 1306 1520 Eodem
1341 1487 1470 1518 anno
1505 1469 1666 1537 Signia

378 1538 577 1588 colonia
601 1576 616 1600 ,
655 1557 801 1607 quam
822 1557 906 1589 rex
925 1540 1216 1607 Tarquinius
1235 1539 1500 1589 deduxerat
1517 1574 1532 1598 ,
1555 1538 1665 1605 sup-

238 1238 356 1278 Mors

179 1298 341 1356 Tarqui·

172 1361 249 1405 aii.

377 1660 538 1692 creatus
587 1651 664 1692 fuit
702 1666 753 1692 ex
799 1650 986 1706 Dionysii

375 1713 574 1754 sententia
594 1742 605 1760 ‚
635 1724 680 1754 ut
707 1713 785 1766 jam
821 1725 985 1754 annota-

376 1774 505 1817 vimus
539 1775 587 1815 ad
621 1790 658 1815 c.
691 1776 740 1816 18
765 1804 777 1823 ‚
815 1776 944 1829 suptili.

436 1851 463 1889 7
487 1836 616 1877 AEdes
635 1837 808 1877 ,Saturno
828 1838 844 1891 ]
872 1837 986 1893 Legi·

376 1912 462 1939 mus
508 1894 688 1939 Saturni.
737 1901 838 1942 Vid.
886 1899 987 1940 infra

377 1971 469 2001 not.
505 1969 562 2007 2,
594 1961 641 2000 ad
676 1961 748 2010 V,
782 1972 853 2012 23.
887 1961 986 2002 Haec

376 2021 484 2061 aedes
519 2019 594 2062 fuit
631 2024 812 2063 aerarium
847 2023 987 2077 populi

375 2081 578 2131 Romani,
613 2083 650 2123 in
682 2099 762 2139 quo
796 2095 877 2126 tum
914 2098 986 2138 pe-

375 2146 491 2183 cunia
518 2172 530 2189 ‚
576 2158 658 2184 rum
699 2147 782 2187 afta
825 2147 986 2200 publica

373 2205 689 2247 alservabantur.

438 2267 461 2307 8
484 2267 736 2323 Saturnalia]
762 2269 983 2309 Saturnali-

372 2328 446 2369 bus
465 2343 550 2369 mos
572 2330 645 2371 fuit
674 2334 813 2370 crebra
842 2331 982 2370 convi-

373 2390 435 2430 via
451 2390 602 2444 agitare
622 2421 633 2436 ,
665 2394 705 2432 ὅ(
727 2394 886 2432 mittere
911 2391 978 2432 fibi

372 2452 548 2492 invicem
566 2468 683 2506 quum
701 2454 774 2493 alia
798 2467 977 2500 munera,

372 2523 456 2553 tum
472 2515 591 2554 etiam
606 2528 764 2554 cereos.
788 2514 896 2566 Quin
912 2515 978 2569 ipsi

372 2575 521 2615 domiui
553 2576 691 2616 servos
728 2578 815 2617 suos
838 2577 979 2616 convi-

368 2636 445 2680 viis
471 2638 699 2680 liberalibus
731 2639 773 2681 ὅ(
803 2638 978 2694 opiparis

1049 1652 1328 1706 accipiebant,
1381 1651 1506 1706 iisque
1544 1649 1662 1692 mini-

1052 1714 1239 1755 strabant.
1259 1714 1332 1754 Hae
1351 1714 1459 1753 feriae
1478 1714 1664 1754 celebra-

1049 1778 1194 1816 bantur
1249 1790 1286 1816 a.
1336 1776 1378 1815 d.
1422 1775 1524 1817 XIV
1563 1773 1660 1822 Kal.

1049 1837 1215 1880 Januar.
1246 1851 1292 1877 ac
1329 1836 1454 1890 primo
1483 1851 1564 1877 uno
1593 1836 1661 1878 die

1050 1900 1377 1940 absolvebantur.
1443 1896 1644 1953 Augustus

1052 1975 1118 2002 eas
1137 1961 1272 2002 triduo
1294 1960 1439 2001 servari
1454 1959 1573 2012 juffit.

1112 2034 1137 2075 9
1162 2021 1409 2074 Secundam]
1444 2020 1531 2061 Post
1566 2035 1578 2063 ε
1613 2030 1662 2064 ut

1049 2085 1182 2126 sensus
1224 2083 1268 2124 sit
1301 2110 1312 2131 ,
1351 2084 1539 2137 quosdam
1578 2083 1658 2125 effe

1048 2145 1267 2191 consules,
1306 2146 1448 2199 quibus
1499 2144 1658 2199 quinam

1048 2205 1301 2248 successerint
1367 2206 1521 2247 definiri
1571 2220 1657 2248 non

1047 2268 1181 2322 poffit.
1212 2267 1332 2308 Poffis
1353 2270 1491 2323 legere
1514 2265 1658 2321 secem-

1046 2332 1135 2370 dum
1178 2345 1297 2385 quos,
1326 2329 1404 2371 five
1444 2327 1653 2386 quosnam:

1045 2403 1090 2434 ut
1145 2393 1345 2432 incertum
1392 2391 1436 2432 fit
1495 2392 1655 2446 quinam

1044 2453 1317 2508 praecefferint
1350 2485 1362 2504 ‚
1405 2453 1564 2508 quinam
1590 2454 1654 2495 se-

1044 2518 1156 2570 quuti
1179 2516 1346 2556 fuerint.

1110 2591 1126 2617 1
1152 2577 1283 2618 Nimis
1304 2573 1537 2632 luxuriosa]
1554 2576 1651 2618 Non

1042 2639 1135 2682 satis
1166 2639 1390 2682 moderata.

1505 2695 1650 2765 ,pleto
