1643 3078
427 131 475 188 L
518 142 540 183 1
584 139 619 181 Β
666 138 700 179 Ε
743 139 783 178 R
882 122 904 177 Ι
935 115 1009 174 V.
1207 127 1286 182 42
1297 124 1322 184 3

68 228 236 269 mento
272 212 451 262 dixere.
483 204 667 256 Ducitis
697 199 932 250 exercitus
962 195 1022 244 ad
1053 190 1330 243 Carventa-
1343 201 1534 253 U·C·34³·

68 303 177 335 nam
200 298 356 331 arcem
374 318 389 339 ‚
406 289 694 344 quamquam
712 266 885 317 invisus
906 260 1191 325 infestusque
1207 274 1330 305 con·
1348 256 1534 305 a.C.407.

64 352 154 402 'suli
190 363 321 407 erat,
358 347 559 410 impigre
591 341 747 405 primo
779 334 930 382 statim
966 329 1205 383 adventu,
1243 325 1334 371 de·-

0 449 7 460 ‚
69 418 200 484 jeffls
219 420 297 483 qui
318 418 365 463 in
384 410 601 479 praesidio
623 418 756 455 erant
775 441 788 461 ‚
809 414 970 448 arcem
989 395 1167 457 recepit
1187 408 1200 447 ·,
1221 406 1336 454 prae-

69 487 261 535 datores
296 500 354 531 ex
389 477 604 547 praesidio
638 489 724 539 per
752 463 1095 534 negligentiam
1137 456 1337 520 dilapsi,

74 551 377 603 occasionem
396 560 624 612 aperuere
645 540 703 588 ad
720 532 1064 587 invadendum.
1085 525 1257 574 Praedae
1278 537 1338 569 ex

56 619 259 670 ‘affiduis
277 611 669 683 populationibus
691 644 705 667 ,
738 603 867 670 quod
904 598 1066 648 omnia
1094 594 1142 641 in
1172 592 1338 639 locum

73 701 226 736 tutum
251 681 476 750 congesta
501 693 633 728 erant
657 711 671 733 ‚
698 672 786 720 fuit
815 670 1104 732 aliquantum
1127 677 1142 719 3
1167 655 1343 707 vendi-

15 790 18 791 ν
73 771 175 804 tum
201 753 282 802 sub
313 749 440 799 hasta
463 744 624 795 consul
651 744 698 788 in
719 739 931 786 aerarium
950 731 1166 795 redigere
1186 723 1345 791 quaes-

75 836 204 870 tores
230 817 353 884 justit
376 853 391 875 ,
422 830 524 862 tum
559 807 819 877 praedicans
853 801 1130 867 participem
1166 790 1344 859 praedae

75 888 182 938 fore
214 888 477 936 exercitum
504 917 518 938 ,
549 892 694 943 quum
725 873 940 920 militiam
967 883 1064 913 non
1094 857 1343 910 abnuisset.

78 954 245 1006 Aueiae
267 953 379 1002 inde
408 948 562 1015 plebis
590 962 642 992 ac
668 941 868 988 militum
901 938 948 982 in
972 929 1215 981 consulem
1235 929 1346 983 irae3

78 1025 237 1089 itaque
274 1035 420 1087 quum
462 1032 522 1064 ex
556 1004 955 1061 senatusconsulto
995 998 1162 1047 urbem
1193 1010 1347 1044 ovans

78 1092 299 1140 introiret
319 1125 333 1146 ‚
354 1085 545 1134 alternis
563 1075 796 1128 inconditi
811 1070 970 1121 versus
988 1065 1177 1114 militari
1197 1063 1351 1109 licen-

81 1160 148 1207 tia
186 1156 340 1221 jaciati
365 1191 381 1214 ‚
417 1150 587 1217 quibus
632 1141 794 1192 consul
835 1137 1093 1201 increpitus
1122 1168 1136 1191 ‚
1184 1127 1351 1177 Maenii

84 1226 274 1274 celebre
320 1235 501 1269 nomen
536 1212 750 1264 laudibus
796 1207 882 1256 fuit
909 1242 922 1264 ,
956 1216 1101 1268 quum
1139 1197 1199 1245 ad
1236 1212 1354 1243 om-

30 1298 36 1304 ‘
84 1310 198 1342 nem
239 1291 541 1338 mentionem
577 1279 793 1334 tribuni,
843 1273 982 1322 favor
1014 1262 1356 1316 circumstantis

88 1359 257 1426 populi
285 1354 541 1423 plausuque
576 1349 628 1396 ὃ(
660 1341 838 1394 assensu
870 1356 978 1388 cum
1004 1333 1207 1385 vocibus
1231 1329 1358 1377 mili-

92 1443 195 1476 tum
237 1437 457 1473 certaret.
494 1415 691 1480 Plusque
732 1429 788 1459 ea
822 1426 896 1457 res
922 1445 936 1467 ,
970 1403 1114 1470 qu‘am
1140 1415 1170 1465 9
1200 1411 1357 1463 prope

89 1494 293 1544 solennis
344 1490 547 1539 militum
580 1482 771 1532 lascivia
816 1479 866 1525 in
912 1471 1155 1521 consulem
1181 1504 1195 1525 ‚
1231 1479 1363 1512 *curae

91 1562 308 1611 Patribus
330 1555 527 1620 irzifecit3
558 1553 609 1600 ὃ(
636 1568 656 1597 1
682 1560 924 1610 tamquam
945 1538 1073 1587 haud
1099 1533 1266 1583 dubius
1291 1533 1365 1577 in-

93 1644 168 1678 ter
193 1628 409 1676 tribunos
441 1623 645 1670 militum
671 1617 830 1663 honos
856 1609 1018 1658 Maenii
1043 1643 1058 1664 ‚
1087 1602 1122 1651 fi
1141 1612 1364 1668 peteret,

96 1694 416 1746 consularibus
444 1687 651 1738 comitiis
676 1682 741 1731 est
777 1675 1007 1728 exclusus.

166 1761 297 1810 LIV.
342 1757 506 1808 Creati
550 1750 766 1800 consules
813 1746 915 1793 sunt
962 1741 1057 1790 Cn.
1108 1709 1575 1804 Εοτηεῖἱαςῌξῖᾔῗ·

101 1828 273 1880 Cossus
290 1865 306 1888 ‚
330 1826 387 1874 L.
408 1822 571 1871 Furius
593 1815 884 1866 Medullinus
903 1810 1091 1858 iterum.
1118 1802 1234 1851 Non
1255 1798 1367 1848 alies
1382 1781 1578 1863 Gugo&

103 1899 271 1964 aegriiis
307 1892 444 1956 plebs
478 1888 616 1944 tulit,
649 1882 890 1934 tribunitia
927 1877 1010 1924 fibi
1040 1871 1234 1921 comitia
1270 1882 1369 1914 non
1386 1884 1506 1926 nelio.
1529 1882 1576 1921 L,

103 1959 382 2021 commissa;
428 1973 537 2006 eum
578 1953 799 2001 dolorem
853 1943 1112 2011 quaestoriis
1166 1936 1372 1984 comitiis
1387 1945 1505 1987 Furio
1525 1943 1581 1984 Π,

106 2032 242 2081 simul
262 2025 468 2079 ostendit
489 2025 540 2072 &
558 2022 655 2070 ulta
684 2017 749 2067 est
767 2054 780 2076 ,
808 2028 921 2063 tunc
944 2011 1152 2077 primum
1172 2003 1375 2070 plebeiis
1391 2005 1500 2049 Coff.

106 2130 181 2156 nus
199 2113 309 2166 injici
329 2126 349 2148 a
370 2108 570 2149 nitoribus
588 2103 706 2155 iustis-

108 2178 183 2218 set.
225 2172 442 2215 Familiaris
486 2167 672 2219 loquutio
699 2192 710 2211 ,

775 2098 932 2138 dubium
965 2096 1068 2134 inter
1087 2089 1293 2129 Tribunos
1310 2085 1381 2124 mi-

775 2161 889 2199 litum
924 2158 1121 2195 bonorem
1149 2148 1318 2197 Maenii,
1352 2145 1379 2186 fi

108 2238 214 2279 collo
231 2235 388 2275 obtorto
408 2243 542 2285 rapere
556 2257 567 2272 ,
587 2227 626 2266 id
641 2224 709 2274 est,

110 2313 182 2354 per
208 2297 314 2343 virnj
352 2291 505 2343 iniec‘tis
534 2290 573 2328 in
595 2297 714 2340 caput

114 2361 156 2401 ἃ
186 2359 334 2398 collum
367 2353 562 2393 manibus.

173 2432 198 2472 9
232 2412 546 2471 Propesolennis
574 2410 584 2453 l,
611 2408 715 2461 Quae

111 2494 241 2536 prope
295 2479 335 2518 in
387 2470 716 2516 consuetudinem

119 2543 288 2584 abierat.

184 2614 199 2642 1
222 2601 429 2653 Tamquam
441 2594 541 2634 haud
552 2590 715 2643 dubius]

774 2229 935 2274 peteret
958 2245 969 2263 ‚
1000 2216 1038 2254 id
1075 2211 1129 2252 est
1149 2238 1159 2258 ,
1184 2209 1380 2249 Maenium

775 2281 880 2321 haud
928 2276 1044 2318 dubi'e
1091 2281 1380 2327 perventurum

778 2341 855 2383 effe
889 2340 938 2379 ad
973 2336 1236 2378 Tribunatum
1275 2330 1383 2369 rnili-

778 2415 861 2444 tum
882 2430 893 2450 ‚
923 2400 947 2440 si
971 2407 1154 2453 peteret,
1180 2393 1284 2446 spem
1307 2392 1385 2430 ho-

778 2465 887 2506 noris
922 2462 959 2501 ei
993 2458 1140 2499 ademit
1172 2482 1183 2500 ,
1230 2452 1384 2492 indiffis

781 2523 1051 2566 consularibus
1093 2514 1303 2563 comitiis,
1345 2512 1385 2551 in

783 2587 924 2642 quibus
965 2581 1067 2622 ratio
1113 2576 1200 2631 ejus
1245 2572 1388 2615 haberi

118 2665 289 2708 Senatus
306 2690 319 2707 ,
352 2659 419 2714 qui
440 2656 597 2698 videret
615 2651 722 2693 haud
785 2662 866 2691 non
897 2653 1077 2701 poterat.

978 2699 1113 2750 Viv
