1668 3078
255 90 333 167 xij
541 89 1213 150 PRAEFATIO.

259 171 385 219 &um
412 170 640 221 incendat
672 186 746 222 tot
774 172 1047 224 amissorum
1066 173 1403 235 voluminum}
1427 189 1535 242 quae

256 254 450 306 tempus
478 239 600 288 edax
637 240 891 308 absumpsit
929 242 982 291 &
1008 242 1384 307 praecedentium
1416 257 1536 290 aeta-

257 321 361 354 tum
392 309 587 356 incuria.
626 307 754 356 Nam
793 308 927 374 qubd
962 324 1043 358 aut
1092 310 1288 358 Livium
1332 321 1492 358 totum
1517 339 1533 369 ‚

255 390 338 423 aut
357 376 486 424 certe
510 393 733 442 magnam
756 392 925 425 eorum
947 394 1053 442 quae
1071 376 1394 426 desideramus
1416 394 1536 443 par-

255 457 359 492 tem
377 480 392 502 ,
424 443 501 491 alii
525 442 978 509 Constantinopoli,
1013 445 1094 491 alii
1118 446 1247 511 apud
1287 459 1534 493 extremos

254 509 507 558 hominum
549 514 596 558 in
644 512 806 559 Hiona
826 549 839 568 ‚
882 510 980 561 five
1033 510 1153 560 Iona
1203 513 1349 560 insula
1398 511 1535 577 supra
1604 564 1607 567 ,

255 577 470 626 Scotiam
500 578 775 628 delitescere
807 577 1107 642 jaelitarunt,
1139 580 1238 627 haec
1264 617 1279 640 ‚
1307 578 1407 628 fal-fi
1436 581 1532 626 utie-

256 663 370 694 nam
389 662 526 695 vates
552 646 693 695 fimus
721 647 733 695 l
765 646 948 694 somnia
979 645 1071 695 esse
1100 646 1420 696 existimamus
1443 664 1537 712 op-

257 715 478 762 tantium.
515 712 623 762 Nee
655 714 856 764 meliore
893 733 979 763 nos
1008 714 1088 780 spe
1121 714 1296 762 solatur
1323 716 1371 762 id
1402 714 1536 780 quod

256 779 565 830 Colomesws
613 782 670 828 ab
709 782 906 830 homine
941 783 1228 831 candidioris
1281 781 1486 847 pe&oris
1517 819 1534 841 ‚

257 848 405 915 quarn
440 847 667 897 felicioris
707 850 888 915 ingenii
923 848 1191 915 Capellano
1236 849 1318 897 sibi
1358 849 1534 897 dietum

255 917 306 965 in
339 917 519 965 litteras
559 916 718 966 retulit
762 935 772 964 :
810 920 1071 982 quemdam
1117 916 1372 982 Capeliani
1420 918 1538 966 ami-

256 1002 370 1032 cum
388 1021 402 1044 ‚
430 986 585 1032 virum
619 1002 717 1033 non
739 985 1029 1034 illitteratum
1047 1023 1059 1045 .,
1089 1003 1236 1051 quum
1270 984 1364 1051 pila
1394 985 1541 1033 lude-

255 1068 331 1101 ret
350 1090 363 1111 ‚
392 1051 771 1101 animadvertisse
791 1054 838 1099 in
864 1070 920 1101 ea
957 1053 1165 1117 palmula
1185 1071 1287 1119 quae
1317 1051 1396 1100 sibi
1420 1051 1537 1102 esset

258 1120 321 1168 ad
355 1137 581 1180 manum,
609 1119 877 1187 fragmenta
898 1122 1217 1186 quorumdam
1244 1121 1367 1168 Livii
1387 1120 1538 1169 libro-

261 1206 367 1236 rum
402 1189 484 1253 qui
503 1187 649 1236 hodie
675 1205 773 1237 non
807 1187 989 1237 exstent
1010 1205 1024 1248 3
1045 1204 1289 1254 quumque
1314 1204 1418 1235 rem
1454 1186 1537 1235 fibi

237 1256 461 1304 -ulterins
503 1256 839 1321 inquirendam
876 1254 1111 1321 putasset,
1138 1254 1423 1320 comperisse
1455 1271 1536 1304 eas

264 1321 358 1372 effe
392 1324 609 1388 reliquias
644 1324 827 1389 aliquot
855 1323 1073 1372 similium
1109 1325 1496 1373 membranarum
1523 1360 1540 1382 ‚

267 1409 374 1457 quae
402 1409 427 1438 a
447 1392 735 1439 monialibus
757 1391 928 1439 domus
956 1389 1371 1440 Fontebraldenfis
1398 1391 1550 1456 phar--

264 1459 539 1523 macopolae
567 1458 756 1506 cuidam
788 1459 1007 1520 donatae,
1029 1460 1086 1506 ab
1110 1459 1203 1507 hoc
1224 1460 1391 1524 ignaro
1418 1475 1538 1524 qua·-

264 1528 323 1574 lis
343 1526 424 1574 fibi
450 1525 692 1582 thesaurus
716 1525 982 1576 obvenisset
1004 1527 1211 1576 venditae
1236 1527 1395 1575 forent
1413 1542 1539 1591 ope-

264 1595 391 1643 rario
423 1594 656 1660 ignobili,
679 1596 756 1660 qui
783 1595 837 1641 iis
870 1593 1038 1644 abusus
1066 1593 1179 1644 effet
1216 1595 1276 1642 ad
1306 1594 1556 1660 tegendas.

263 1662 368 1709 illas
403 1662 634 1727 palmulas
670 1663 839 1728 quibus
892 1662 987 1728 pila
1019 1663 1212 1711 luditur.
1251 1660 1405 1709 Vanis
1444 1663 1539 1708 hu·-

264 1728 471 1793 jusmodi
490 1729 587 1778 fine
612 1745 744 1778 certo
769 1729 960 1778 auftore
980 1731 1249 1778 rumoribus
1273 1726 1423 1777 fidem
1445 1728 1538 1777 ha-

268 1797 378 1846 beat
399 1835 413 1856 ‚
444 1800 516 1846 ciri
549 1798 779 1863 placuerit
811 1798 906 1846 sese
934 1801 1060 1846 inani
1089 1798 1168 1863 spe
1196 1797 1384 1844 latiare.

58 1882 129 1922 Dc
159 1894 256 1934 par·
337 1863 532 1914 Partirio
565 1868 722 1930 operis
745 1866 794 1912 in
817 1865 1022 1915 decades
1052 1868 1210 1914 utrium
1233 1882 1257 1911 a
1285 1863 1426 1914 Livio
1454 1861 1509 1911 fit
1522 1901 1545 1924 ‚.

61 1943 202 1981 titione
271 1931 505 1982 dubitavit
548 1932 800 1981 Petrarcha
836 1971 851 1994 ‚
891 1935 972 1999 qui
1024 1951 1131 1982 eam
1174 1933 1334 1998 potius
1380 1945 1539 1979 ortam

61 2003 189 2057 operis
215 2002 255 2042 in
271 1998 362 2048 effe
395 2014 526 2065 putat
558 2019 582 2048 a
606 1999 841 2049 fastidiosa
869 2001 1130 2067 legentium
1163 2002 1368 2066 ignavia.
1399 1997 1537 2046 Idem

61 2065 239 2107 decades.
268 2066 460 2116 adstruit
489 2067 709 2132 Sigonius
745 2085 802 2116 ex
837 2084 1072 2133 perpetuo
1105 2084 1326 2117 veterum
1357 2064 1537 2115 Gram-

263 2137 582 2194 maticorum,
617 2135 830 2183 Prisciani
854 2173 867 2194 ‚
898 2134 1155 2184 Diomedis
1181 2172 1195 2194 ‚
1237 2133 1489 2183 Censorini
1520 2171 1536 2193 ‚

264 2204 474 2268 denique
505 2202 707 2250 au&oris
743 2205 1063 2267 epitomarum
1087 2203 1272 2251 silentio
1290 2239 1304 2262 ,
1321 2203 1403 2267 qui
1427 2218 1537 2249 om»

261 2288 349 2319 nes
368 2271 598 2319 librorum
624 2270 809 2333 semper
829 2308 842 2330 ‚
859 2288 1119 2335 numquam
1141 2269 1376 2319 decadum
1400 2285 1538 2316 men-

260 2340 447 2386 tionem
478 2338 674 2385 faciunt.
704 2336 888 2385 Frustra
915 2339 1107 2403 quidam
1125 2377 1139 2398 ‚
1166 2352 1217 2386 ut
1250 2337 1536 2385 contrariam

264 2408 549 2471 opinionem
610 2419 831 2452 tueantur
872 2442 886 2464 ‚
950 2404 1183 2467 objiciunt
1240 2404 1426 2453 Livium
1490 2406 1535 2451 ei

263 2473 413 2537 ipsum
433 2474 584 2523 videri
606 2473 975 2538 quodammodo
995 2472 1233 2538 suffragari
1249 2510 1263 2532 ‚
1294 2472 1407 2519 dum
1433 2470 1539 2518 suas

262 2541 495 2606 vigesimo
528 2542 684 2604 primo
715 2540 764 2587 &
797 2539 1038 2606 trigesimo
1066 2544 1221 2606 primo
1255 2539 1381 2588 libris
1411 2555 1534 2603 prae.-

261 2606 469 2660 fationes
498 2609 759 2675 praemittit.
787 2606 982 2658 Etenim
1009 2608 1135 2659 reffe
1165 2606 1388 2659 observat
1424 2603 1540 2654 Du>-
