1653 3078
490 73 537 132 L
583 88 603 130 1
648 88 684 129 B
730 90 765 129 E
809 91 848 130 R
938 75 983 131 Ι.
1328 88 1368 153 7

98 168 160 206 εκ
196 173 256 206 eo
286 156 546 205 certamine
579 153 694 202 abiit
727 169 751 219 3¹
772 151 880 201 viffi
919 151 1083 201 Rutuli
1118 170 1128 201 :
1163 153 1368 205 victores

96 224 386 290 Aborigines
413 220 712 286 Troianique
743 220 914 267 ducem
949 218 1169 268 Latinum
1201 223 1372 272 amise-

49 324 57 327 «
98 309 167 339 te.
211 290 328 339 Inde
369 289 561 339 Turnus
601 285 861 354 Rutulique
911 284 1045 334 diffifi
1081 288 1219 335 rebus
1249 327 1261 348 ,
1309 290 1369 339 ad

98 358 326 407 florentes
352 356 656 406 Etruscorum
678 373 797 421 opes
814 392 828 414 ,
854 353 1246 419 Mezentiumque
1280 375 1368 405 eo-

96 442 200 474 rum
234 442 399 491 regem
423 463 437 485 ‚
465 423 749 490 confugiunt
779 439 790 470 :
822 423 898 487 qui
922 437 941 486 5
971 419 1108 470 Caere
1133 422 1367 486 opulento

95 506 198 540 turn
218 494 404 558 oppido
433 494 711 558 imperitans
732 527 745 549 ‚
778 487 873 553 jam
894 488 1005 537 inde
1031 488 1089 536 ab
1116 490 1252 537 initio
1280 493 1370 537 mi-

44 599 48 603 ,
94 560 225 608 nime
253 561 383 609 laetus
414 579 556 609 novae
581 559 759 625 origine
779 558 903 604 urbis
925 594 939 615 ,
963 556 1016 603 &
1048 571 1148 604 tum
1166 593 1180 617 ‚
1216 559 1368 606 nimio

95 626 201 691 plus
231 626 373 693 quam
405 627 510 676 satis
534 641 691 675 tutum
721 623 834 673 esset
857 624 1030 671 accolis
1052 661 1066 683 ,
1093 641 1193 671 rern
1230 623 1367 674 Tro-

94 692 255 758 ianam
289 694 493 743 crescere
529 710 654 742 ratus
679 731 693 752 ‚
721 692 847 740 haud
881 693 1112 757 gravatim
1149 691 1272 740 socia
1299 710 1370 740 ar-

29 819 38 829 !
97 780 178 810 ma
207 762 393 811 Rutulis
428 760 598 826 junxit.
631 761 804 810 AEneas
835 760 1063 807 adversus
1098 761 1217 807 tanti
1253 762 1368 809 belli

95 842 329 878 terrorem
352 867 367 890 ,
404 846 456 877 ut
492 833 676 878 animos
712 827 1038 891 Aboriginum
1073 825 1156 875 fibi
1194 830 1368 875 conci-

93 895 256 958 liaret,
278 898 308 947 6
328 915 385 946 ne
409 897 488 946 sub
507 896 682 946 eodem
702 893 800 958 jure
824 894 999 951 solum,
1020 893 1098 942 sed
1118 896 1263 943 etiam
1284 913 1368 943 no·

93 967 225 1013 mine
247 982 416 1013 ornnes
451 963 626 1023 essent,
660 963 853 1010 Latinos
889 978 1137 1026 utramque
1170 978 1367 1028 gentem

93 1032 372 1098 appellavit.
400 1030 503 1081 Nec
529 1031 703 1080 deinde
721 1030 1011 1094 Aborigines
1030 1027 1254 1093 Trojanis
1272 1030 1367 1078 stu-

94 1099 176 1148 dio
206 1117 260 1148 ac
289 1098 385 1148 fide
420 1117 531 1166 erga
553 1115 717 1165 regem
744 1097 929 1145 AEnean
964 1095 1169 1155 cessere3
1198 1097 1366 1146 fretus-

24 1187 25 1190 *
93 1184 187 1232 que
234 1167 304 1215 his
346 1169 513 1215 animis
557 1163 924 1215 coalescentium
973 1166 1019 1211 in
1064 1164 1164 1213 dies
1212 1168 1364 1233 magis

92 1236 298 1283 duorum
334 1236 623 1300 populorum
664 1232 838 1281 AEneas
861 1269 876 1292 ‚
912 1248 1198 1297 quamquam
1236 1247 1366 1283 tanta

93 1302 268 1367 opibus
299 1300 483 1350 Etruria
503 1314 603 1351 erat
627 1339 642 1361 ,
671 1317 720 1348 ut
746 1298 840 1363 jam
869 1317 968 1348 non
994 1317 1138 1347 terras
1176 1298 1328 1349 solum
1348 1340 1364 1362 ,

93 1369 175 1418 sed
203 1387 330 1419 mate
352 1371 495 1419 etiam
519 1387 604 1435 per
636 1382 788 1418 totam
813 1367 956 1415 Italiae
977 1367 1327 1434 longitudinem
1346 1407 1362 1430 ‚

33 1476 36 1477 ν
93 1438 155 1486 ab
183 1437 389 1503 Alpibus
425 1438 485 1486 ad
519 1437 692 1486 fretum
724 1434 965 1492 Siculum,
998 1434 1123 1483 fama
1157 1439 1364 1486 nominis

90 1504 157 1553 sui
184 1503 417 1570 implesset
438 1522 451 1565 ;
477 1521 636 1553 tamen
655 1542 669 1564 ‚
694 1521 841 1569 quum
860 1518 892 1564 7
916 1503 1153 1551 moenibus
1184 1503 1364 1553 bellum

91 1572 367 1639 propulsare
389 1571 539 1637 posset
557 1611 569 1632 ,
594 1575 640 1620 in
666 1574 818 1621 aciem
838 1573 1000 1636 copias
1023 1570 1200 1620 eduxit.
1228 1571 1256 1620 8
1279 1571 1364 1620 Se-

91 1640 301 1688 cundum
334 1641 444 1689 inde
493 1641 707 1706 praelium
757 1639 966 1697 barinis,
1001 1638 1169 1687 AEne-:e
1215 1642 1361 1689 eriam
1427 1643 1575 1693 AEnez

91 1707 313 1757 ultimum
341 1725 543 1774 operum
575 1708 851 1757 mortalium
882 1706 970 1754 fuit
1002 1723 1017 1765 ;
1051 1721 1080 1769 9
1115 1705 1223 1754 situs
1255 1706 1321 1756 est
1344 1721 1495 1769 ‚mors-

102 1791 124 1824 1
177 1793 529 1842 quemcumque
590 1793 702 1824 eum
751 1775 844 1823 dici
904 1772 976 1839 jus
1028 1772 1190 1840 fasque
1248 1775 1313 1823 est
1345 1814 1363 1838 ,

161 1875 181 1912 5
206 1864 308 1902 Caere
326 1863 511 1917 opulento
529 1874 605 1901 tum
623 1877 697 1916 ορ·
822 1860 845 1901 8
882 1860 1097 1899 Secundum
1116 1860 1132 1913 ]
1175 1861 1364 1917 intellige

91 1922 217 1978 pido]
251 1923 353 1963 Livii
371 1938 459 1963 aevo
483 1922 695 1973 Caerejam

94 1998 178 2025 non
223 1986 459 2037 opulentum
506 1985 694 2038 oppidum

95 2056 197 2087 erat.
216 2045 429 2086 Restabant
457 2046 608 2087 tantum
626 2061 693 2086 ru-

95 2106 188 2147 dera
203 2134 214 2154 ‚
235 2106 333 2147 teste
353 2108 548 2148 Strabone
569 2136 581 2152 ‚
604 2109 629 2147 l.
652 2121 692 2148 v-

94 2167 98 2170 ’
157 2165 341 2221 6Nesub
359 2169 616 2222 eodemjure]
637 2169 695 2208 Ut

94 2241 176 2268 non
199 2228 322 2269 solum
352 2231 495 2270 eodem
525 2230 695 2283 irnperio

94 2289 312 2343 iisdemque
328 2291 483 2345 legibus
505 2305 695 2345 regeren-

95 2359 185 2398 tur,
206 2351 272 2391 sed
297 2353 414 2392 etiam
442 2353 588 2393 eodem
608 2366 695 2392 om-

95 2425 167 2452 nes
197 2413 356 2453 nomine
388 2413 525 2455 effent.

156 2485 182 2524 7
229 2472 422 2514 Moenibus
462 2471 692 2529 propulsare

95 2533 266 2587 bellum]
291 2535 465 2577 Inclusus
484 2537 585 2576 intra
604 2550 694 2578 mu-

94 2608 161 2645 tos
191 2596 423 2653 propulsare
450 2597 618 2641 hostem·
652 2624 658 2628 ν

750 1919 961 1975 secundum
989 1923 1128 1961 ordine
1146 1949 1157 1969 ‚
1186 1921 1248 1961 cui
1269 1937 1365 1965 mox

761 1983 978 2037 opponitur
1023 1983 1139 2023 etiam
1170 1976 1364 2026 ultimum.

762 2043 932 2084 Primum
961 2045 1139 2096 praelium
1170 2043 1363 2100 Aborigi-

759 2106 873 2146 nibus
931 2104 1041 2145 simul
1092 2104 1362 2160 Trojanisque

758 2167 888 2208 fuerat
917 2165 1107 2206 adversus
1143 2167 1345 2211 Turnum.

818 2240 845 2280 9
864 2228 972 2268 Situs
1001 2227 1053 2277 est
1075 2228 1091 2280 ]
1126 2225 1326 2270 Conditus
1345 2257 1360 2277 ,

756 2288 951 2342 sepultus.
972 2288 1279 2329 Monumentum
1293 2291 1361 2343 ipsi

756 2365 778 2390 a
797 2351 944 2391 Latinis
964 2349 1198 2390 exstrufturn
1216 2351 1360 2405 Augu-

757 2412 799 2452 sti
815 2426 902 2452 aevo
925 2412 1053 2451 adhuc
1072 2411 1285 2451 visebatur.

822 2485 838 2512 1
875 2472 1197 2531 Quemcumque]
1236 2472 1356 2525 Quo-

755 2549 926 2588 cumque
958 2548 1051 2574 eum
1091 2533 1249 2573 nornine
1285 2547 1360 2587 ap-

755 2596 900 2652 pellari
941 2596 1108 2639 humana
1142 2594 1355 2651 divinaque
