1653 3078
499 73 545 130 L
589 93 612 132 1
655 95 690 134 B
738 99 771 138 E
815 94 854 143 R
948 95 988 150 Ι.
1322 127 1360 184 9

94 141 311 195 condidit
326 183 341 207 ‚
365 164 470 216 quae
498 151 528 201 8
550 156 610 204 ab
636 158 722 209 s1tu
749 168 977 228 porreffiiae
1000 176 1046 222 in
1066 177 1206 232 dorso
1229 188 1359 238 urbis

91 203 258 277 Longa
289 206 417 265 Asba
444 224 698 287 appellata.
733 228 860 281 Inter
886 236 1140 294 Lavinium
1181 252 1232 299 ὃ(
1262 255 1359 304 Al-

90 273 202 324 bam
222 278 439 349 Longam
461 289 702 342 coloniam
729 297 977 354 (leduffiiam
993 345 1008 367 ‚
1037 314 1222 379 triginta
1253 321 1357 369 ferm

42 453 44 455 ,
86 423 256 462 verant
281 452 296 475 ,
333 423 539 473 maxime
576 427 685 477 fusis
732 431 968 500 Etruscis,
1014 460 1066 493 ut
1097 466 1157 496 ne
1198 469 1357 506 morte

85 477 282 539 quidem
314 486 514 550 AEneae‚
545 511 634 543 nec
666 498 839 551 deinde
861 540 875 563 ‚
910 507 1034 560 inter
1067 517 1351 572 muliebrem

81 545 278 596 tutelam
301 588 318 612 ‚
349 556 766 632 rudimentumque
797 574 1003 635 primum
1045 586 1235 645 puerilis
1271 607 1353 638 re-

77 612 193 675 gni,
226 633 426 671 movere
452 644 581 676 arma
613 647 692 679 aut
722 631 993 692 Mezentius
1027 646 1304 722 Etruscique
1329 696 1346 720 ,

79 693 161 726 aut
188 682 268 732 ulli
303 687 381 736 alii
413 696 589 744 accolae
612 698 706 747 ausl
725 701 827 753 sint.
869 707 963 758 Pax
996 713 1060 763 ita
1095 736 1346 775 convene·
1404 745 1560 794 Alba-12

77 760 150 793 rat
178 785 192 806 ,
242 766 293 800 ut
335 753 538 809 Etruscis
579 763 850 837 Latinisque
895 777 1067 830 fluvius
1112 788 1291 841 Albula
1326 823 1481 867 ‚reges-

74 827 221 876 quem
241 837 365 870 nunc
377 822 593 878 Tiberim
606 852 783 886 vocant
799 877 812 898 ‚
827 839 931 891 finis
949 847 1076 899 esset.
1094 869 1124 918 9
1144 855 1344 923 Sylvius

69 1015 134 1063 de
168 1017 386 1072 Latinum
423 1027 661 1093 Sylvium.
683 1037 763 1087 Ab
782 1059 844 1092 eo
876 1061 893 1091 1
919 1051 1122 1103 coloniae
1153 1062 1340 1128 aliquot

67 1080 284 1136 deduftae
300 1128 314 1150 ,
338 1091 473 1143 Prisci
497 1097 651 1150 Latini
673 1110 917 1172 appellati.
950 1117 1127 1173 Mansit
1156 1127 1338 1194 Sylviis

64 1149 231 1214 postea
257 1162 479 1211 omnibus
515 1184 787 1235 cognomen
810 1215 824 1236 ,
863 1184 943 1246 qui
978 1185 1120 1238 Albae
1155 1213 1337 1263 regna-

63 1232 192 1268 runt.
221 1221 393 1274 Latino
432 1229 559 1282 Alba
601 1254 730 1289 ortus
755 1281 768 1301 ‚
816 1246 942 1298 Alba
981 1253 1110 1320 Atys
1135 1297 1150 1319 ‚
1194 1266 1333 1331 Atye

63 1280 232 1352 Capys
254 1328 270 1350 ,
305 1291 481 1362 Capye
525 1300 738 1369 Capetus
761 1349 775 1368 ‚
805 1311 998 1380 Capeto
1035 1322 1289 1381 Tiberinus
1315 1373 1332 1395 ,

62 1355 145 1416 qui
177 1358 223 1402 in
254 1358 451 1423 trajefiu
481 1368 671 1420 Albulae
700 1383 850 1429 amnis
881 1384 1140 1442 submersus
1163 1435 1176 1455 ‚
1206 1403 1337 1451 cele-

61 1417 146 1468 bre
180 1424 236 1470 ad
272 1429 486 1490 posteros
513 1454 693 1490 nomen
723 1446 905 1500 flumini
939 1456 1085 1509 dedit.
1114 1463 1333 1536 Agrippa

57 1486 170 1536 inde
197 1489 411 1546 Tiberini
443 1499 565 1551 filius
597 1524 608 1553 z
648 1512 752 1574 post
787 1516 1053 1587 Agrippam
1091 1528 1332 1588 Romulus

50 1856 247 1905 Ροιτεξὶεε
274 1861 314 1899 in
338 1865 499 1920 longum
541 1872 657 1926 super
717 1884 845 1932 gentis
863 1886 1054 1933 Romanae
1071 1923 1082 1942 ,
1105 1896 1321 1956 Praeneste,

51 1914 160 1955 clivo
194 1922 370 1971 mou-nis,
411 1927 548 1985 Longa
583 1949 652 1975 co·
716 1940 865 1993 Tibur,
899 1947 1046 2001 Gabii,
1071 1957 1319 2017 Tusculum,

0 1936 276 2080 pnominata
298 1983 651 2036 est.Albaenomen
716 2001 818 2042 cora
841 2037 852 2057 ‚
887 2008 1063 2056 Pometia
1085 2047 1096 2066 ,
1127 2021 1315 2081 Corioli,

44 2036 96 2074 ab
118 2040 257 2081 colore
283 2043 356 2085 suis
379 2061 465 2089 cum
489 2055 649 2109 triginta
714 2061 798 2113 (fic
834 2071 938 2110 enim
959 2075 1172 2129 legendum
1200 2088 1318 2130 vide-

45 2095 140 2136 olim
164 2106 353 2152 porcellis
370 2110 416 2148 ab
433 2109 562 2154 AEnea
580 2132 648 2158 re-
709 2135 802 2177 tur,
832 2144 911 2170 non
944 2134 1066 2177 Locri
1088 2140 1107 2194 )
1148 2144 1316 2190 Crustu-

43 2166 171 2214 pergae
205 2163 412 2209 ded-delum
447 2174 524 2214 effe
561 2181 648 2220 vult
708 2187 856 2237 mium,
883 2192 1091 2250 Cameria,
1113 2204 1309 2264 Bovillae,

45 2216 274 2273 Virg.AEn.
302 2227 420 2273 VIlI.
709 2259 923 2306 ceteraque
958 2262 1100 2311 oppida
1138 2268 1311 2313 circum-

105 2291 130 2330 9
152 2281 360 2335 Sylvius...
392 2291 560 2348 Afranii
582 2301 642 2355 fi·
706 2322 874 2363 quaque.
896 2314 1086 2373 Virgilius
1119 2328 1179 2369 Vl
1207 2330 1308 2374 AEn.

40 2337 150 2394 lius]
186 2344 283 2386 Eum
316 2351 434 2408 Virg.
469 2359 527 2398 V1
542 2359 638 2406 AEn,
704 2382 746 2408 v.
786 2373 868 2426 763
918 2378 959 2418 &
996 2382 1077 2439 seq.
1121 2404 1308 2436 numerat

38 2413 82 2439 v.
101 2404 184 2454 763
210 2434 221 2452 ,
243 2407 285 2448 &
302 2410 426 2462 Dion.
456 2418 549 2466 1.1,
570 2421 641 2463 AE-
704 2444 863 2486 quoque
892 2437 1000 2481 inter
1026 2449 1205 2493 colonias
1234 2454 1306 2495 Al·
1391 2427 1497 2498 U

38 2474 126 2502 neae
146 2464 261 2517 ipfius
279 2470 400 2515 filium
429 2478 539 2522 fuisse
556 2498 640 2526 me·
702 2491 892 2536 banorum
927 2515 1087 2558 regum,
1125 2513 1306 2556 Nomen-

36 2535 211 2568 morant.
701 2562 782 2594 tum
798 2584 809 2604 ,
837 2559 1005 2606 Fidenas
1024 2600 1035 2618 ‚
1058 2570 1272 2618 Collatiam
1286 2606 1304 2628 ‚

100 2596 118 2624 1
147 2589 352 2650 coloniae]
370 2597 640 2651 Nominantur
701 2611 877 2662 Castrum
898 2622 984 2664 Inui
1006 2655 1017 2673 ‚
1047 2631 1089 2673 δι
1114 2632 1276 2693 ΒοΙεπι,

19 2688 22 2692 .
85 2644 307 2704 ’Τονπ.Ῑ.
390 2707 426 2717 ,,
973 2683 1022 2734 C
