1704 3073
122 161 313 218 U.c.346.

122 220 311 269 a.(;.406.

141 295 296 353 Quaesto

119 371 181 395 res
211 359 295 412 ple-

118 416 195 456 beii
206 447 218 466 ,
241 418 297 458 in·

116 478 237 531 deque

117 539 159 577 di
155 537 189 592 s
181 555 264 581 cor·

116 600 202 643 dix.

329 95 455 154 424
616 82 672 142 T
714 101 736 141 1
776 104 819 145 τ
861 105 883 146 1
980 94 1026 152 L
1068 111 1090 151 1
1134 111 1179 152 v
1222 112 1243 153 1
1288 112 1311 153 1

329 159 637 225 quaestoribus
657 169 824 217 creatis
846 187 857 217 :
886 172 951 219 ita
973 189 1024 222 ut
1049 177 1095 223 in
1116 192 1321 242 quatuor
1343 177 1596 238 creandi&

328 231 409 277 uni
443 234 640 294 patricio
670 232 857 285 Caesoni
887 238 1039 288 Fabio
1081 242 1315 293 Ambusto
1352 247 1596 311 relinque·

330 310 456 344 retur
484 298 614 348 locus
639 318 653 359 3
690 316 784 352 tres
810 304 1014 369 plebeii,
1041 306 1112 370 Q.
1131 309 1266 358 Silius
1284 349 1298 371 ,
1334 311 1384 360 P.
1407 312 1556 362 AElius
1579 349 1596 372 ‚

329 360 382 410 P.
409 363 610 430 Pupius,
648 369 999 420 clarisfimarum
1026 373 1307 425 familiarum
1336 377 1592 442 juvenibus

329 430 679 494 praeferrentur.
707 437 939 486 Αυὲὶοῑεε
968 440 1099 490 fuisse
1127 456 1223 491 tam
1243 446 1378 494 liberi
1407 448 1594 511 populo

326 495 529 565 suffragii
560 502 715 552 Icilios
746 507 930 569 accipio
951 544 965 567 ‚
998 525 1055 556 ex
1092 509 1269 560 familia
1303 513 1595 563 infestiffima

324 563 538 615 Patribus
579 584 675 617 tres
710 573 756 618 in
805 587 914 619 eum
954 593 1131 625 annum
1175 581 1391 629 tribunos
1437 582 1594 646 plebis

323 650 511 682 creatos
537 672 550 693 ,
582 637 836 702 multarum
878 658 1254 711 magnarumque
1291 664 1447 696 rerum
1481 667 1595 698 mo·
1628 657 1632 660 ’

319 700 418 748 lem
437 718 463 747 2
482 701 749 752 avidiffimo
768 706 890 755 adeo
907 712 1092 776 populo
1107 712 1425 764 ostentantes:
1444 733 1593 781 quum

320 767 623 817 affirmaffent
659 772 773 820 nihil
804 773 849 822 se
881 791 1100 827 moturos
1123 819 1138 841 ‚
1177 780 1209 828 s1
1246 799 1304 831 ne
1335 782 1596 844 quaestoriis

319 835 514 897 quidem
560 840 765 886 comitiis
805 878 817 900 ‚
861 859 965 906 quae
1012 845 1109 894 sola
1160 849 1426 913 promiscua
1465 851 1599 915 plebi

319 900 629 968 Patribusque
658 906 907 971 reliqniffet
942 912 1126 961 senatus
1148 953 1162 972 ‚
1199 915 1303 964 satis
1330 920 1473 965 animi
1506 936 1598 983 po-

317 969 437 1032 pulo
467 968 581 1019 esset
613 972 672 1019 ad
697 973 778 1033 id,
809 978 941 1040 quod
974 982 1152 1029 tamdiu
1178 984 1360 1032 vellent
1383 1022 1397 1044 ,
1427 984 1480 1032 &
1507 1003 1596 1051 per

316 1035 451 1101 leges
476 1037 660 1088 liceret.
690 1039 782 1089 Pro
812 1044 996 1110 ingenti
1021 1049 1181 1114 itaque
1213 1051 1411 1099 vffloria
1436 1052 1483 1100 id
1506 1052 1594 1103 fuit

315 1102 478 1167 plebi:
511 1105 886 1173 quaesturamque
915 1130 1022 1161 eam
1053 1130 1074 1180 3
1105 1135 1203 1165 non
1224 1119 1419 1168 honoris
1448 1119 1593 1184 ipfius

318 1168 418 1220 fine
454 1172 772 1235 aestimabann
799 1177 879 1226 sed
906 1181 1165 1245 patefaEmS
1197 1186 1258 1233 ad
1292 1186 1588 1237 consulatum

315 1255 372 1287 ac
401 1240 668 1305 triumphos
703 1243 839 1292 locus
885 1251 1028 1298 novis
1076 1251 1350 1302 hominibus
1386 1256 1590 1305 videba-

314 1319 407 1354 tur.
431 1325 462 1367 4
494 1307 655 1357 Patres
693 1311 861 1360 contr&
883 1352 898 1374 ,
928 1334 1026 1365 non
1057 1336 1146 1381 pro
1183 1324 1547 1372 communicatis
1571 1360 1588 1382 ,

313 1371 399 1421 sed
434 1392 522 1439 pro
555 1376 726 1425 amiffis
749 1379 1012 1433 honoribus
1028 1384 1265 1436 fremere:
1292 1406 1467 1455 negare
1490 1428 1503 1447 ,
1533 1393 1590 1440 Si

316 1458 370 1487 ea
404 1443 471 1488 ita
487 1444 618 1506 sint,
647 1446 806 1494 liberos
837 1450 1060 1500 tollendos
1085 1452 1164 1516 effe
1183 1473 1206 1514 ;
1239 1458 1317 1521 qui
1341 1458 1467 1522 pulsi
1489 1476 1587 1506 ma-

302 1505 455 1574 jorum
477 1511 574 1557 loco
597 1550 614 1569 ,
647 1515 945 1582 cernentesque
962 1521 1083 1568 alios
1101 1524 1148 1569 in
1163 1523 1420 1588 poſj'effione
1439 1526 1587 1591 digni-

313 1577 426 1622 tatis
480 1595 582 1636 nce,
617 1581 740 1628 Salii
773 1584 1116 1652 Flaminefijue,
1162 1605 1184 1652 5
1225 1589 1445 1655 nufqzcam
1484 1593 1582 1642 alic)

314 1643 449 1706 qudm
470 1647 535 1691 ad
548 1644 896 1710 sacrificandum
920 1671 1004 1718 pro
1024 1656 1234 1722 populo,
1253 1660 1353 1721 fine
1383 1660 1583 1724 imperiis

312 1727 368 1755 ac
397 1714 693 1778 potestatibus
734 1716 1054 1784 relinquantur.
1114 1722 1305 1772 Irritatis
1344 1725 1583 1792 utriusque

312 1779 454 1841 partis
491 1781 660 1827 animis
681 1818 695 1840 ‚
729 1800 875 1847 quum
907 1788 958 1835 δὲ
993 1787 1177 1852 spiritus
1211 1791 1380 1856 plebes
1416 1792 1583 1860 sump-

310 1841 432 1892 fiffet
457 1881 471 1903 ,
514 1847 564 1893 &
598 1863 692 1896 tres
723 1850 783 1896 ad
823 1854 1108 1919 popularem
1147 1857 1329 1906 causam
1364 1860 1583 1910 celeber-

308 1911 416 1959 rimi
461 1914 670 1963 nominis
712 1917 910 1969 haberet
952 1922 1145 1984 duces;
1203 1924 1365 1974 Patres
1415 1930 1579 1979 omnia

369 2011 396 2038 2
415 1999 642 2055 Avidffmo
663 2004 788 2055 adeo}
810 2005 912 2045 Avi-

308 2057 456 2100 diffimo
503 2063 671 2113 proinde
710 2079 723 2112 ς
765 2080 910 2120 nempe

307 2121 397 2173 quia
431 2124 564 2162 multae
596 2125 636 2164 &
667 2139 817 2181 magnae
843 2142 909 2170 res

974 2007 1227 2064 indignantur
1241 2026 1312 2064 pro
1331 2013 1549 2057 honoribus
1561 2044 1576 2066 ,

973 2083 1054 2108 non
1080 2082 1274 2125 tamquam
1307 2079 1578 2118 communica-

973 2129 1022 2169 tis
1044 2157 1055 2176 ,
1089 2131 1154 2172 sed
1188 2144 1386 2188 tamquam
1418 2137 1574 2181 amiffis.

306 2181 617 2225 ostentabantur.

370 2243 492 2292 3Nor2
509 2244 666 2285 honorI5
682 2246 904 2304 ipfiusfitze]

302 2301 397 2343 Non
433 2304 588 2346 honore
626 2307 709 2359 ipso
754 2320 869 2350 tenus
892 2326 903 2357 3

304 2377 386 2403 non
427 2367 526 2405 tanti
572 2367 691 2408 modi)
710 2397 722 2414 ,
768 2372 905 2423 quanti

302 2424 386 2478 ipse
406 2440 477 2477 per
497 2427 534 2466 se
556 2428 755 2481 quaesturae
776 2432 905 2473 honos

304 2498 424 2539 prem
458 2500 561 2530 erat.

318 2583 322 2585 ,
363 2562 390 2596 4
414 2547 599 2588 Paeres..-
617 2566 694 2591 non
706 2567 780 2606 pro
799 2567 902 2593 com-

295 2609 530 2665 municatis]
546 2609 684 2654 Pattes
700 2612 902 2664 fremunt,

971 2189 1076 2240 Quia
1103 2205 1125 2231 e
1150 2205 1319 2247 quatuor
1357 2198 1576 2250 quaestoriis

970 2252 1070 2291 locis
1089 2254 1163 2295 tria
1180 2256 1328 2307 plebeii
1356 2260 1574 2314 tenebant,

971 2310 1107 2354 Patres
1140 2327 1360 2369 queruntur
1380 2333 1460 2360 non
1480 2331 1574 2362 tan-

969 2371 1050 2412 tt'1m
1111 2378 1430 2420 communicatos
1491 2382 1571 2424 effe

968 2446 1056 2473 cum
1084 2434 1250 2487 plebeii}
1276 2439 1451 2483 honores
1467 2470 1480 2491 ,
1503 2444 1572 2486 sed

966 2494 1081 2548 plan&
1115 2497 1268 2538 amissos
1294 2499 1374 2539 fibi.

1031 2569 1047 2604 ς
1076 2556 1273 2612 qusquam
1291 2561 1400 2616 alib]
1426 2562 1489 2605 Ad
1507 2563 1571 2607 ni·

965 2614 1019 2657 hil
1047 2618 1154 2661 aliud
1178 2621 1360 2666 adhibiti.
