1704 3073
1098 0 1124 54 s

265 150 346 204 42
553 130 608 189 T
652 149 672 188 1
717 150 757 189 T
800 149 824 190 1
920 135 966 192 L
1011 151 1032 192 1
1072 149 1117 189 v
1159 151 1181 190 1
1225 150 1248 190 1

264 209 501 260 consuluit
538 215 742 280 auguriis
761 253 774 275 ‚
793 231 826 278 7
846 233 950 281 quae
972 213 1256 281 suscipienda
1279 212 1447 264 essent.

56 287 255 346 Pop.Ro.r
333 279 470 329 XXI.
517 281 598 330 Ad
637 282 736 330 haec
790 283 1099 333 consultanda
1139 283 1539 351 procurandaque

56 352 164 392 mani
192 368 247 394 re·
267 348 573 398 multitudine
611 352 743 398 omni
774 368 799 397 a
832 352 881 400 vi
912 352 962 399 &
999 352 1140 399 armis
1177 352 1450 410 conversa,
1481 351 1537 398 &

55 412 155 469 ligio
184 415 221 455 6·
266 418 412 466 animi
444 417 622 484 aliquid
647 417 838 483 agendo
872 421 1096 485 occupati
1129 436 1298 479 erant,
1330 419 1380 468 ὅ(
1417 419 1539 466 deo-

57 478 250 543 tranquil·
264 503 369 534 rum
410 484 586 533 affidua
612 486 818 534 insidens
856 504 966 536 cura
985 524 1000 547 ‚
1030 504 1178 552 quum
1209 486 1427 537 interesse
1457 502 1540 535 re·-

55 534 168 582 lm‘·
262 553 353 604 bus
384 554 601 601 humanis
633 552 828 603 coeleste
858 572 1041 604 numen
1059 555 1335 615 videretur,
1359 557 1416 604 ea
1436 555 1541 620 pie-

261 635 363 670 tate
411 623 628 669 omnium
671 621 867 686 peG‘mra
905 624 1179 684 imbuerat,
1224 639 1276 672 ut
1316 622 1436 672 fides
1481 639 1538 670 ac

255 687 589 755 jusjurandum
611 726 625 749 ‚
662 690 689 738 8
723 691 946 755 proxitne
981 692 1144 757 legum
1189 709 1243 740 ac
1283 707 1539 756 poenarum

254 774 472 817 metum,
495 758 741 806 civitatem
773 774 1011 824 regerent.
1038 774 1067 823 9
1098 758 1156 808 Et
1193 777 1341 826 quum
1371 757 1456 824 ipsi
1489 757 1539 806 se

256 827 481 874 homines
509 828 557 873 in
587 827 742 891 regis,
768 829 903 874 velut
940 829 1066 874 unici
1100 829 1344 892 exempli,
1375 842 1538 874 mores

256 893 557 953 formarent3
580 907 683 942 tum
719 893 904 943 finitimi
930 897 1076 943 etiarn
1098 897 1303 961 populi,
1336 897 1417 960 qui
1450 910 1540 941 an-

258 962 342 1022 τὲ,
377 962 521 1010 castra
543 999 558 1019 ‚
586 980 686 1010 non
723 962 890 1011 urbem
926 962 1128 1028 positam
1159 966 1204 1011 in
1240 963 1439 1022 medio,
1477 962 1537 1010 ad

256 1030 607 1079 sollicitandam
643 1032 862 1078 omnium
891 1047 1061 1095 pacem
1080 1068 1095 1090 ‚
1124 1030 1459 1090 crediderant,
1488 1031 1538 1078 in

256 1115 366 1148 eam
409 1098 755 1148 verecundiam
791 1098 981 1147 adduffi
1013 1098 1117 1146 sunt
1148 1136 1162 1158 ‚
1214 1115 1265 1147 ut
1293 1100 1538 1147 civitatem

257 1181 416 1217 totam
449 1168 495 1214 in
528 1167 710 1216 cultum
746 1165 933 1215 versam
966 1167 1168 1215 deorum
1191 1167 1362 1216 violari
1389 1166 1539 1214 duce-

258 1251 368 1285 rent
385 1234 536 1284 nefaS.
571 1233 727 1283 Lucus
748 1249 848 1283 erat
868 1272 881 1295 ,
911 1252 1055 1300 quem
1084 1234 1303 1283 medium
1331 1252 1391 1283 ex
1419 1251 1539 1300 opa-

260 1321 322 1353 co
351 1302 495 1369 specu
530 1302 640 1352 fons
671 1306 874 1368 perenni
903 1303 1084 1370 rigabat
1115 1303 1392 1370 aqu213qub
1427 1303 1540 1368 quia

256 1371 305 1420 se
340 1371 553 1437 persaepe
588 1370 750 1420 Numa
781 1369 879 1421 fine
913 1373 1129 1430 arbitris,
1164 1371 1297 1420 velut
1325 1370 1385 1418 ad
1414 1387 1538 1418 con-

258 1439 464 1506 gressum
503 1440 636 1499 deae,
665 1438 933 1498 inferebat,
960 1438 1208 1488 Camoenis
1236 1456 1346 1488 eum
1376 1438 1542 1486 lucum

258 1509 460 1556 sacravit
491 1524 506 1568 ;
540 1507 671 1574 qubd
698 1524 860 1556 earum
886 1509 953 1555 ibi
979 1509 1184 1556 concilia
1216 1524 1326 1555 cum
1359 1504 1538 1570 conju·
1587 1518 1590 1521 '

259 1593 319 1642 ge
363 1576 440 1624 sua
473 1575 646 1643 Egeria
680 1574 842 1624 effent.
885 1574 944 1624 Et
985 1591 1004 1623 1
1042 1575 1127 1624 soli
1170 1575 1307 1624 Fidei
1339 1575 1540 1624 solenne

259 1644 455 1694 instituit
479 1661 492 1704 3
523 1644 583 1692 ad
602 1644 651 1692 id
671 1642 917 1691 sacrarium
943 1645 1158 1692 flamines
1187 1644 1336 1710 bigis,
1364 1659 1391 1691 2
1429 1659 1539 1690 cur-

258 1730 315 1761 ru
362 1727 557 1761 arcuato
604 1713 718 1760 vehi
758 1710 881 1775 juffit
914 1749 934 1770 ‚
970 1728 1211 1777 manuque
1261 1711 1321 1759 ad
1358 1710 1538 1776 digitos

257 1779 406 1847 usque
439 1781 659 1830 involuta
691 1796 795 1828 rem
825 1780 1036 1830 divinam
1057 1779 1244 1828 facere:
1270 1776 1530 1844 significan-

261 1864 334 1901 tes
373 1847 523 1898 fidem
559 1848 808 1897 tutandam
832 1886 848 1909 ‚
889 1863 912 1915 3
952 1848 1213 1915 sedemque
1252 1846 1369 1912 ejus·
1392 1848 1537 1895 etiam

326 1958 352 1996 7
377 1943 514 2002 Quae]
545 1942 739 1995 Quaenam
771 1955 869 1996 pro·
933 1953 990 1995 34
1012 1970 1024 1990 ,
1049 1942 1110 1984 IV
1130 1970 1139 1988 ‚
1163 1941 1244 1989 60,
1264 1939 1367 1981 V111
1391 1967 1402 1986 ‚
1436 1951 1510 1981 21.

263 2005 386 2061 digia.
999 2016 1015 2042 1
1057 2003 1148 2043 Soli
1177 2002 1193 2055 ]
1233 2001 1413 2043 Obscura
1446 1999 1538 2040 san'e

326 2067 350 2106 8
388 2063 646 2106 Proxim&....
683 2066 864 2119 metum]
931 2065 1124 2105 hocloco
1154 2078 1263 2111 vox,
1301 2063 1342 2103 ὃ(
1376 2061 1538 2102 fortaffe

263 2129 360 2170 Non
386 2127 514 2168 minus
538 2130 652 2180 quam
679 2139 826 2167 metus.
933 2127 1148 2168 recidenda
1168 2153 1180 2173 ‚
1205 2135 1402 2179 tamquam
1434 2121 1542 2163 male

326 2201 352 2242 9
375 2189 432 2228 Et
458 2204 567 2242 quum
589 2187 662 2243 ipsi
681 2186 726 2241 se
753 2188 871 2227 homi-
933 2199 1025 2228 nata
1055 2201 1106 2228 ex
1139 2186 1273 2228 vicino
1305 2186 1433 2226 verbo
1465 2181 1537 2239 so-

264 2266 382 2310 nem...
399 2250 650 2304 formarent3
678 2262 755 2289 tum
775 2249 870 2304 fini·
934 2250 1065 2290 lenae.

265 2312 352 2353 timi
381 2312 548 2352 eciam...
571 2311 722 2350 addua-Ji
741 2308 834 2364 sunt
850 2311 867 2363 ]
996 2324 1021 2351 2
1037 2313 1157 2351 Curru
1175 2321 1336 2349 arcuato
1353 2304 1537 2360 vekijus·

265 2376 361 2416 Non
384 2372 474 2414 rari>
505 2373 698 2426 particula
728 2387 838 2425 quum
857 2403 867 2422 ,
924 2371 1012 2426 sit]
1053 2371 1186 2412 Curru
1212 2371 1319 2411 testo
1338 2368 1538 2423 superne,

262 2436 443 2492 quamvis
461 2436 606 2475 habeat
623 2434 869 2487 responden·
935 2435 977 2474 &
1000 2447 1170 2474 camerae
1199 2431 1238 2473 in
1267 2431 1446 2471 modum.

262 2508 346 2539 tem
374 2496 444 2537 fibi
473 2510 551 2536 tum
574 2524 587 2542 ,
623 2510 711 2534 cum
742 2497 869 2535 verbo
997 2507 1016 2546 3
1035 2493 1272 2549 Sedemque]
1299 2494 1394 2533 Non
1415 2490 1537 2532 mod&

265 2570 401 2600 tamen
467 2557 699 2612 subjunffivi
763 2557 870 2596 modi
932 2556 1051 2610 ipsam
1079 2555 1196 2596 fidem
1216 2556 1406 2595 sacratam
1425 2552 1502 2593 esse
1520 2584 1539 2603 ,

213 2620 220 2628 ’
266 2620 543 2676 conjungitur.
578 2619 768 2672 Exempla
802 2632 870 2657 re-
933 2618 1000 2657 sed
1036 2618 1153 2657 etiam
1189 2617 1322 2659 sedem
1364 2614 1450 2666 ejus
1495 2614 1535 2653 in

265 2682 399 2738 peries
429 2682 534 2738 apud
554 2681 725 2724 nostrum
741 2708 752 2729 ,
779 2680 835 2721 111
855 2707 869 2728 ,
933 2679 1083 2719 dextris
1101 2707 1114 2728 2
1137 2678 1178 2720 ὅ(
1201 2678 1345 2733 pignus
1371 2676 1469 2716 illud
1488 2674 1536 2715 fi-
