<?xml version="1.0" encoding="UTF-8"?>
<!DOCTYPE html PUBLIC "-//W3C//DTD XHTML 1.0 Transitional//EN"
    "http://www.w3.org/TR/xhtml1/DTD/xhtml1-transitional.dtd">
<html xmlns="http://www.w3.org/1999/xhtml" xml:lang="en" lang="en">
 <head>
  <title>
</title>
<meta http-equiv="Content-Type" content="text/html;charset=utf-8" />
  <meta name='ocr-system' content='tesseract 3.04.00' />
  <meta name='ocr-capabilities' content='ocr_page ocr_carea ocr_par ocr_line ocrx_word'/>
</head>
<body>
  <div class='ocr_page' id='page_1' title='image "./tliviipatavinihi0101livy_0058.png"; bbox 0 0 1704 3073; ppageno 0'>
   <div class='ocr_carea' id='block_1_1' title="bbox 314 78 1288 178">
    <p class='ocr_par' dir='ltr' id='par_1_1' title="bbox 314 78 1288 178">
     <span class='ocr_line' id='line_1_1' title="bbox 314 78 1288 178; baseline 0.003 -15"><span class='ocrx_word' id='word_1_1' title='bbox 314 125 386 178; x_wconf 87' lang='lat'>14</span> <span class='ocrx_word' id='word_1_2' title='bbox 591 78 1288 167; x_wconf 42' lang='lat' dir='ltr'>T1&#39;T1L1v11</span> 
     </span>
    </p>
   </div>
   <div class='ocr_carea' id='block_1_2' title="bbox 102 185 1579 391">
    <p class='ocr_par' dir='ltr' id='par_1_2' title="bbox 102 185 1579 391">
     <span class='ocr_line' id='line_1_2' title="bbox 166 185 1576 257; baseline 0.004 -23"><span class='ocrx_word' id='word_1_3' title='bbox 166 204 284 245; x_wconf 77' lang='lat' dir='ltr'>Urbis</span> <span class='ocrx_word' id='word_1_4' title='bbox 308 185 449 235; x_wconf 65' lang='lat' dir='ltr'>missa</span> <span class='ocrx_word' id='word_1_5' title='bbox 466 203 517 238; x_wconf 89' lang='lat' dir='ltr'>re</span> <span class='ocrx_word' id='word_1_6' title='bbox 537 225 552 248; x_wconf 90' lang='lat'><strong>‚</strong></span> <span class='ocrx_word' id='word_1_7' title='bbox 584 187 852 238; x_wconf 82' lang='lat' dir='ltr'><strong>Romulum</strong></span> <span class='ocrx_word' id='word_1_8' title='bbox 877 188 1183 257; x_wconf 86' lang='lat' dir='ltr'>Remumque</span> <span class='ocrx_word' id='word_1_9' title='bbox 1210 190 1387 257; x_wconf 86' lang='lat' dir='ltr'>cupido</span> <span class='ocrx_word' id='word_1_10' title='bbox 1413 190 1576 257; x_wconf 85' lang='lat' dir='ltr'>cepit,&#39;</span> 
     </span>
     <span class='ocr_line' id='line_1_3' title="bbox 102 255 1576 324; baseline 0.001 -19"><span class='ocrx_word' id='word_1_11' title='bbox 102 268 267 306; x_wconf 81' lang='lat' dir='ltr'>conden·</span> <span class='ocrx_word' id='word_1_12' title='bbox 309 256 356 303; x_wconf 89' lang='lat' dir='ltr'>in</span> <span class='ocrx_word' id='word_1_13' title='bbox 378 255 433 303; x_wconf 86' lang='lat' dir='ltr'>iis</span> <span class='ocrx_word' id='word_1_14' title='bbox 455 256 580 305; x_wconf 43' lang='lat' dir='ltr'>‘locis</span> <span class='ocrx_word' id='word_1_15' title='bbox 603 259 683 304; x_wconf 76' lang='lat' dir='ltr'>ubi</span> <span class='ocrx_word' id='word_1_16' title='bbox 706 256 907 321; x_wconf 71' lang='lat' dir='ltr'>expositi</span> <span class='ocrx_word' id='word_1_17' title='bbox 928 295 943 317; x_wconf 81' lang='grc'><em>,</em></span> <span class='ocrx_word' id='word_1_18' title='bbox 980 259 1152 324; x_wconf 85' lang='lat' dir='ltr'>ubique</span> <span class='ocrx_word' id='word_1_19' title='bbox 1185 258 1373 307; x_wconf 88' lang='lat' dir='ltr'>educati</span> <span class='ocrx_word' id='word_1_20' title='bbox 1398 272 1533 308; x_wconf 84' lang='lat' dir='ltr'>erant</span> <span class='ocrx_word' id='word_1_21' title='bbox 1557 294 1576 318; x_wconf 89' lang='lat'>‚</span> 
     </span>
     <span class='ocr_line' id='line_1_4' title="bbox 103 322 1579 391; baseline 0.005 -26"><span class='ocrx_word' id='word_1_22' title='bbox 103 330 159 367; x_wconf 65' lang='lat' dir='ltr'>Aa:</span> <span class='ocrx_word' id='word_1_23' title='bbox 186 341 289 377; x_wconf 47' lang='lat' dir='ltr'>com,</span> <span class='ocrx_word' id='word_1_24' title='bbox 308 322 433 371; x_wconf 87' lang='lat' dir='ltr'>urbis</span> <span class='ocrx_word' id='word_1_25' title='bbox 453 324 740 373; x_wconf 72' lang='lat' dir='ltr'>condendae.</span> <span class='ocrx_word' id='word_1_26' title='bbox 761 324 820 372; x_wconf 87' lang='lat' dir='ltr'>Et</span> <span class='ocrx_word' id='word_1_27' title='bbox 841 343 869 372; x_wconf 87' lang='lat'>2</span> <span class='ocrx_word' id='word_1_28' title='bbox 885 324 1125 391; x_wconf 83' lang='lat' dir='ltr'>supererat</span> <span class='ocrx_word' id='word_1_29' title='bbox 1145 327 1402 375; x_wconf 85' lang='lat' dir='ltr'>multitudo</span> <span class='ocrx_word' id='word_1_30' title='bbox 1423 325 1579 374; x_wconf 82' lang='lat' dir='ltr'>Alba-</span> 
     </span>
    </p>
   </div>
   <div class='ocr_carea' id='block_1_3' title="bbox 92 388 226 441">
    <p class='ocr_par' dir='ltr' id='par_1_3' title="bbox 92 388 226 441">
     <span class='ocr_line' id='line_1_5' title="bbox 92 388 226 441; baseline 0.022 -15"><span class='ocrx_word' id='word_1_31' title='bbox 92 388 226 441; x_wconf 76' lang='lat' dir='ltr'>filium</span> 
     </span>
    </p>
   </div>
   <div class='ocr_carea' id='block_1_4' title="bbox 306 391 1579 461">
    <p class='ocr_par' dir='ltr' id='par_1_4' title="bbox 306 391 1579 461">
     <span class='ocr_line' id='line_1_6' title="bbox 306 391 1579 461; baseline 0.002 -22"><span class='ocrx_word' id='word_1_32' title='bbox 306 409 480 441; x_wconf 85' lang='lat' dir='ltr'>norum</span> <span class='ocrx_word' id='word_1_33' title='bbox 506 391 924 458; x_wconf 76' lang='lat' dir='ltr'>Latinorumque3</span> <span class='ocrx_word' id='word_1_34' title='bbox 957 392 1016 441; x_wconf 86' lang='lat' dir='ltr'>ad</span> <span class='ocrx_word' id='word_1_35' title='bbox 1050 395 1099 442; x_wconf 89' lang='lat' dir='ltr'>id</span> <span class='ocrx_word' id='word_1_36' title='bbox 1135 394 1347 460; x_wconf 87' lang='lat' dir='ltr'>pastores</span> <span class='ocrx_word' id='word_1_37' title='bbox 1381 408 1579 461; x_wconf 87' lang='lat' dir='ltr'>quoque</span> 
     </span>
    </p>
   </div>
   <div class='ocr_carea' id='block_1_5' title="bbox 97 450 1578 528">
    <p class='ocr_par' dir='ltr' id='par_1_5' title="bbox 97 450 1578 528">
     <span class='ocr_line' id='line_1_7' title="bbox 97 450 1578 528; baseline 0.002 -23"><span class='ocrx_word' id='word_1_38' title='bbox 97 450 276 505; x_wconf 65' lang='lat' dir='ltr'>“‘Pifflt-</span> <span class='ocrx_word' id='word_1_39' title='bbox 305 458 593 509; x_wconf 74' lang='lat' dir='ltr'>access&#39;erant</span> <span class='ocrx_word' id='word_1_40' title='bbox 619 477 629 507; x_wconf 91' lang='lat'>:</span> <span class='ocrx_word' id='word_1_41' title='bbox 663 462 744 527; x_wconf 88' lang='lat' dir='ltr'>qui</span> <span class='ocrx_word' id='word_1_42' title='bbox 781 477 951 509; x_wconf 88' lang='lat' dir='ltr'>omnes</span> <span class='ocrx_word' id='word_1_43' title='bbox 981 460 1118 509; x_wconf 75' lang='lat' dir='ltr'>facile</span> <span class='ocrx_word' id='word_1_44' title='bbox 1148 461 1281 528; x_wconf 89' lang='lat' dir='ltr'>spem</span> <span class='ocrx_word' id='word_1_45' title='bbox 1318 462 1535 513; x_wconf 79' lang='lat' dir='ltr'>facerent</span> <span class='ocrx_word' id='word_1_46' title='bbox 1561 498 1578 521; x_wconf 87' lang='lat'>‚</span> 
     </span>
    </p>
   </div>
   <div class='ocr_carea' id='block_1_6' title="bbox 296 526 1586 1138">
    <p class='ocr_par' dir='ltr' id='par_1_6' title="bbox 296 526 1586 1138">
     <span class='ocr_line' id='line_1_8' title="bbox 301 526 1581 596; baseline 0 -20"><span class='ocrx_word' id='word_1_47' title='bbox 301 545 504 594; x_wconf 85' lang='lat' dir='ltr'>parvam</span> <span class='ocrx_word' id='word_1_48' title='bbox 529 526 708 576; x_wconf 81' lang='lat' dir='ltr'>Albam</span> <span class='ocrx_word' id='word_1_49' title='bbox 728 566 742 587; x_wconf 84' lang='lat'><strong>‚</strong></span> <span class='ocrx_word' id='word_1_50' title='bbox 765 546 967 593; x_wconf 77' lang='lat' dir='ltr'>parvum</span> <span class='ocrx_word' id='word_1_51' title='bbox 986 529 1238 579; x_wconf 86' lang='lat' dir='ltr'>Lavinium</span> <span class='ocrx_word' id='word_1_52' title='bbox 1259 568 1274 590; x_wconf 83' lang='lat'>‚</span> <span class='ocrx_word' id='word_1_53' title='bbox 1297 549 1393 596; x_wconf 77' lang='lat' dir='ltr'>prae</span> <span class='ocrx_word' id='word_1_54' title='bbox 1413 547 1467 577; x_wconf 75' lang='lat' dir='ltr'>ea</span> <span class='ocrx_word' id='word_1_55' title='bbox 1495 547 1581 576; x_wconf 88' lang='lat' dir='ltr'>ur-</span> 
     </span>
     <span class='ocr_line' id='line_1_9' title="bbox 299 596 1577 661; baseline 0 -16"><span class='ocrx_word' id='word_1_56' title='bbox 299 597 363 645; x_wconf 89' lang='lat' dir='ltr'>be</span> <span class='ocrx_word' id='word_1_57' title='bbox 409 612 514 661; x_wconf 87' lang='lat' dir='ltr'>quae</span> <span class='ocrx_word' id='word_1_58' title='bbox 558 596 845 645; x_wconf 85' lang='lat' dir='ltr'>conderetur</span> <span class='ocrx_word' id='word_1_59' title='bbox 872 635 886 658; x_wconf 87' lang='lat'>,</span> <span class='ocrx_word' id='word_1_60' title='bbox 930 596 1055 647; x_wconf 85' lang='lat' dir='ltr'>fore.</span> <span class='ocrx_word' id='word_1_61' title='bbox 1100 597 1366 648; x_wconf 85' lang='lat' dir='ltr'>Intervenit</span> <span class='ocrx_word' id='word_1_62' title='bbox 1401 596 1577 646; x_wconf 87' lang='lat' dir='ltr'>deinde</span> 
     </span>
     <span class='ocr_line' id='line_1_10' title="bbox 297 663 1580 732; baseline -0.001 -20"><span class='ocrx_word' id='word_1_63' title='bbox 297 663 371 712; x_wconf 81' lang='lat' dir='ltr'>his</span> <span class='ocrx_word' id='word_1_64' title='bbox 407 664 779 731; x_wconf 81' lang='lat' dir='ltr'>cogitationibus</span> <span class='ocrx_word' id='word_1_65' title='bbox 825 666 1008 714; x_wconf 82' lang='lat' dir='ltr'>avitum</span> <span class='ocrx_word' id='word_1_66' title='bbox 1054 667 1271 725; x_wconf 76' lang='lat' dir='ltr'>malum,</span> <span class='ocrx_word' id='word_1_67' title='bbox 1313 667 1446 732; x_wconf 81' lang='lat' dir='ltr'>regni</span> <span class='ocrx_word' id='word_1_68' title='bbox 1490 682 1580 712; x_wconf 89' lang='lat' dir='ltr'>cu-</span> 
     </span>
     <span class='ocr_line' id='line_1_11' title="bbox 296 731 1579 799; baseline 0.001 -21"><span class='ocrx_word' id='word_1_69' title='bbox 296 731 453 799; x_wconf 82' lang='lat' dir='ltr'>pido,</span> <span class='ocrx_word' id='word_1_70' title='bbox 485 746 631 798; x_wconf 88' lang='lat' dir='ltr'>atque</span> <span class='ocrx_word' id='word_1_71' title='bbox 677 731 790 782; x_wconf 84' lang='lat' dir='ltr'>inde</span> <span class='ocrx_word' id='word_1_72' title='bbox 838 731 1025 781; x_wconf 85' lang='lat' dir='ltr'>foedum</span> <span class='ocrx_word' id='word_1_73' title='bbox 1067 749 1310 782; x_wconf 84' lang='lat' dir='ltr'>certamen</span> <span class='ocrx_word' id='word_1_74' title='bbox 1357 747 1579 781; x_wconf 88' lang='lat' dir='ltr'>coortum</span> 
     </span>
     <span class='ocr_line' id='line_1_12' title="bbox 299 798 1580 868; baseline 0.001 -22"><span class='ocrx_word' id='word_1_75' title='bbox 299 816 328 847; x_wconf 86' lang='lat' dir='ltr'>a</span> <span class='ocrx_word' id='word_1_76' title='bbox 363 798 467 847; x_wconf 84' lang='lat' dir='ltr'>satis</span> <span class='ocrx_word' id='word_1_77' title='bbox 492 801 592 848; x_wconf 89' lang='lat' dir='ltr'>miti</span> <span class='ocrx_word' id='word_1_78' title='bbox 614 815 634 865; x_wconf 83' lang='lat'><em>3</em></span> <span class='ocrx_word' id='word_1_79' title='bbox 660 802 926 865; x_wconf 78' lang='lat' dir='ltr'>principi03</span> <span class='ocrx_word' id='word_1_80' title='bbox 947 803 1177 866; x_wconf 80' lang='lat' dir='ltr'>quoniam</span> <span class='ocrx_word' id='word_1_81' title='bbox 1202 802 1380 868; x_wconf 78' lang='lat' dir='ltr'>gemini</span> <span class='ocrx_word' id='word_1_82' title='bbox 1401 800 1580 860; x_wconf 77' lang='lat' dir='ltr'>effem,</span> 
     </span>
     <span class='ocr_line' id='line_1_13' title="bbox 300 867 1584 935; baseline 0.001 -21"><span class='ocrx_word' id='word_1_83' title='bbox 300 883 392 916; x_wconf 89' lang='lat' dir='ltr'>nec</span> <span class='ocrx_word' id='word_1_84' title='bbox 416 869 567 916; x_wconf 83' lang='lat' dir='ltr'>aetatis</span> <span class='ocrx_word' id='word_1_85' title='bbox 592 868 884 917; x_wconf 80' lang='lat' dir='ltr'>verecundia</span> <span class='ocrx_word' id='word_1_86' title='bbox 915 868 1169 918; x_wconf 84' lang='lat' dir='ltr'>discrimen</span> <span class='ocrx_word' id='word_1_87' title='bbox 1198 869 1357 918; x_wconf 81' lang='lat' dir='ltr'>facere</span> <span class='ocrx_word' id='word_1_88' title='bbox 1391 867 1546 935; x_wconf 77' lang='lat' dir='ltr'>posset</span> <span class='ocrx_word' id='word_1_89' title='bbox 1568 905 1584 928; x_wconf 83' lang='lat'><em>‚</em></span> 
     </span>
     <span class='ocr_line' id='line_1_14' title="bbox 299 935 1584 1003; baseline 0.002 -21"><span class='ocrx_word' id='word_1_90' title='bbox 299 950 351 982; x_wconf 87' lang='lat' dir='ltr'>ut</span> <span class='ocrx_word' id='word_1_91' title='bbox 386 935 484 994; x_wconf 84' lang='lat' dir='ltr'>dii,</span> <span class='ocrx_word' id='word_1_92' title='bbox 517 953 726 1002; x_wconf 87' lang='lat' dir='ltr'>quorum</span> <span class='ocrx_word' id='word_1_93' title='bbox 753 936 913 985; x_wconf 81' lang='lat' dir='ltr'>tutelae</span> <span class='ocrx_word' id='word_1_94' title='bbox 939 937 1123 985; x_wconf 83' lang='lat' dir='ltr'>ea-loca</span> <span class='ocrx_word' id='word_1_95' title='bbox 1155 936 1335 996; x_wconf 81' lang='lat' dir='ltr'>essent,</span> <span class='ocrx_word' id='word_1_96' title='bbox 1377 938 1584 1003; x_wconf 85' lang='lat' dir='ltr'>auguriis</span> 
     </span>
     <span class='ocr_line' id='line_1_15' title="bbox 298 1003 1585 1070; baseline 0 -19"><span class='ocrx_word' id='word_1_97' title='bbox 298 1003 559 1069; x_wconf 79' lang='lat' dir='ltr'>legerent,</span> <span class='ocrx_word' id='word_1_98' title='bbox 601 1006 682 1070; x_wconf 90' lang='lat' dir='ltr'>qui</span> <span class='ocrx_word' id='word_1_99' title='bbox 723 1020 908 1053; x_wconf 89' lang='lat' dir='ltr'>nomen</span> <span class='ocrx_word' id='word_1_100' title='bbox 944 1022 1090 1053; x_wconf 83' lang='lat' dir='ltr'>novae</span> <span class='ocrx_word' id='word_1_101' title='bbox 1134 1006 1238 1053; x_wconf 86' lang='lat' dir='ltr'>urbi</span> <span class='ocrx_word' id='word_1_102' title='bbox 1286 1005 1462 1064; x_wconf 85' lang='lat' dir='ltr'>daret,</span> <span class='ocrx_word' id='word_1_103' title='bbox 1503 1004 1585 1069; x_wconf 90' lang='lat' dir='ltr'>qui</span> 
     </span>
     <span class='ocr_line' id='line_1_16' title="bbox 301 1070 1586 1138; baseline 0.002 -19"><span class='ocrx_word' id='word_1_104' title='bbox 301 1071 551 1119; x_wconf 85' lang='lat' dir='ltr'>conditam</span> <span class='ocrx_word' id='word_1_105' title='bbox 590 1073 796 1138; x_wconf 89' lang='lat' dir='ltr'>imperio</span> <span class='ocrx_word' id='word_1_106' title='bbox 834 1086 1041 1138; x_wconf 85' lang='lat' dir='ltr'>regeret.</span> <span class='ocrx_word' id='word_1_107' title='bbox 1078 1071 1344 1125; x_wconf 74' lang='lat' dir='ltr'>Palatinum</span> <span class='ocrx_word' id='word_1_108' title='bbox 1388 1070 1586 1121; x_wconf 88' lang='lat' dir='ltr'>Romu-</span> 
     </span>
    </p>
   </div>
   <div class='ocr_carea' id='block_1_7' title="bbox 1688 310 1704 330">
    <p class='ocr_par' dir='ltr' id='par_1_7' title="bbox 1688 310 1704 330">
     <span class='ocr_line' id='line_1_17' title="bbox 1688 310 1704 330; baseline 0 0"><span class='ocrx_word' id='word_1_109' title='bbox 1688 310 1704 330; x_wconf 62' lang='lat' dir='ltr'>‘t</span> 
     </span>
    </p>
   </div>
   <div class='ocr_carea' id='block_1_8' title="bbox 298 1137 1704 1207">
    <p class='ocr_par' dir='ltr' id='par_1_8' title="bbox 298 1137 1704 1207">
     <span class='ocr_line' id='line_1_18' title="bbox 298 1137 1704 1207; baseline 0.001 -20"><span class='ocrx_word' id='word_1_110' title='bbox 298 1137 598 1200; x_wconf 87' lang='lat' dir='ltr'>lus‚Remus</span> <span class='ocrx_word' id='word_1_111' title='bbox 618 1140 917 1188; x_wconf 87' lang='lat' dir='ltr'>Aventinum</span> <span class='ocrx_word' id='word_1_112' title='bbox 939 1140 999 1188; x_wconf 87' lang='lat' dir='ltr'>ad</span> <span class='ocrx_word' id='word_1_113' title='bbox 1015 1141 1392 1207; x_wconf 80' lang='lat' dir='ltr'>inaugurandum</span> <span class='ocrx_word' id='word_1_114' title='bbox 1413 1156 1444 1198; x_wconf 85' lang='lat'>4</span> <span class='ocrx_word' id='word_1_115' title='bbox 1461 1154 1586 1189; x_wconf 87' lang='lat' dir='ltr'>tem·</span> <span class='ocrx_word' id='word_1_116' title='bbox 1631 1159 1634 1161; x_wconf 89' lang='lat'>·</span> <span class='ocrx_word' id='word_1_117' title='bbox 1694 1138 1704 1150; x_wconf 59' lang='lat'><em>⁷</em></span> 
     </span>
    </p>
   </div>
   <div class='ocr_carea' id='block_1_9' title="bbox 300 1206 1586 1545">
    <p class='ocr_par' dir='ltr' id='par_1_9' title="bbox 300 1206 1586 1545">
     <span class='ocr_line' id='line_1_19' title="bbox 300 1206 1585 1275; baseline 0.001 -21"><span class='ocrx_word' id='word_1_118' title='bbox 300 1207 383 1273; x_wconf 88' lang='lat' dir='ltr'>pla</span> <span class='ocrx_word' id='word_1_119' title='bbox 415 1209 627 1273; x_wconf 81' lang='lat' dir='ltr'>capiunt.</span> <span class='ocrx_word' id='word_1_120' title='bbox 649 1206 802 1256; x_wconf 88' lang='lat' dir='ltr'>Priori</span> <span class='ocrx_word' id='word_1_121' title='bbox 820 1207 980 1256; x_wconf 87' lang='lat' dir='ltr'>Remo</span> <span class='ocrx_word' id='word_1_122' title='bbox 1001 1211 1251 1275; x_wconf 79' lang='lat' dir='ltr'>augurium</span> <span class='ocrx_word' id='word_1_123' title='bbox 1286 1207 1465 1257; x_wconf 77' lang='lat' dir='ltr'>veniffe</span> <span class='ocrx_word' id='word_1_124' title='bbox 1487 1206 1585 1255; x_wconf 85' lang='lat' dir='ltr'>fer-</span> 
     </span>
     <span class='ocr_line' id='line_1_20' title="bbox 302 1274 1585 1342; baseline 0.002 -20"><span class='ocrx_word' id='word_1_125' title='bbox 302 1287 415 1335; x_wconf 83' lang='lat' dir='ltr'>tur,</span> <span class='ocrx_word' id='word_1_126' title='bbox 451 1276 530 1324; x_wconf 84' lang='lat' dir='ltr'>sex</span> <span class='ocrx_word' id='word_1_127' title='bbox 574 1276 787 1325; x_wconf 85' lang='lat' dir='ltr'>vultures</span> <span class='ocrx_word' id='word_1_128' title='bbox 824 1292 835 1323; x_wconf 75' lang='grc' dir='ltr'>ε</span> <span class='ocrx_word' id='word_1_129' title='bbox 876 1274 1068 1342; x_wconf 78' lang='lat' dir='ltr'>jamque</span> <span class='ocrx_word' id='word_1_130' title='bbox 1107 1277 1328 1325; x_wconf 81' lang='lat' dir='ltr'>nuntiato</span> <span class='ocrx_word' id='word_1_131' title='bbox 1384 1278 1585 1340; x_wconf 74' lang='lat' dir='ltr'>augurio</span> 
     </span>
     <span class='ocr_line' id='line_1_21' title="bbox 301 1341 1585 1409; baseline 0.001 -19"><span class='ocrx_word' id='word_1_132' title='bbox 301 1360 452 1409; x_wconf 89' lang='lat' dir='ltr'>quum</span> <span class='ocrx_word' id='word_1_133' title='bbox 487 1343 665 1409; x_wconf 81' lang='lat' dir='ltr'>duplex</span> <span class='ocrx_word' id='word_1_134' title='bbox 694 1360 921 1391; x_wconf 87' lang='lat' dir='ltr'>numerus</span> <span class='ocrx_word' id='word_1_135' title='bbox 948 1343 1164 1392; x_wconf 73' lang='lat' dir='ltr'>Romulo</span> <span class='ocrx_word' id='word_1_136' title='bbox 1197 1343 1243 1392; x_wconf 89' lang='lat' dir='ltr'>se</span> <span class='ocrx_word' id='word_1_137' title='bbox 1281 1341 1585 1402; x_wconf 78' lang='lat' dir='ltr'>ostendiffet,</span> 
     </span>
     <span class='ocr_line' id='line_1_22' title="bbox 302 1411 1583 1478; baseline -0.001 -20"><span class='ocrx_word' id='word_1_138' title='bbox 302 1427 562 1478; x_wconf 84' lang='lat' dir='ltr'>utrumque</span> <span class='ocrx_word' id='word_1_139' title='bbox 598 1428 764 1478; x_wconf 80' lang='lat' dir='ltr'>regem</span> <span class='ocrx_word' id='word_1_140' title='bbox 791 1411 869 1459; x_wconf 84' lang='lat' dir='ltr'>sua</span> <span class='ocrx_word' id='word_1_141' title='bbox 889 1412 1146 1460; x_wconf 82' lang='lat' dir='ltr'>multitudo</span> <span class='ocrx_word' id='word_1_142' title='bbox 1174 1411 1583 1470; x_wconf 81' lang='lat' dir='ltr'>consalutaverat3</span> 
     </span>
     <span class='ocr_line' id='line_1_23' title="bbox 313 1479 1586 1545; baseline 0 -19"><span class='ocrx_word' id='word_1_143' title='bbox 313 1494 332 1544; x_wconf 90' lang='lat'>5</span> <span class='ocrx_word' id='word_1_144' title='bbox 363 1493 586 1545; x_wconf 83' lang='lat' dir='ltr'>tempore</span> <span class='ocrx_word' id='word_1_145' title='bbox 613 1480 678 1527; x_wconf 82' lang='lat' dir='ltr'>illi</span> <span class='ocrx_word' id='word_1_146' title='bbox 714 1494 959 1545; x_wconf 79' lang='lat' dir='ltr'>praecepto</span> <span class='ocrx_word' id='word_1_147' title='bbox 979 1517 994 1540; x_wconf 86' lang='lat'>,</span> <span class='ocrx_word' id='word_1_148' title='bbox 1024 1492 1071 1528; x_wconf 81' lang='lat' dir='ltr'>at</span> <span class='ocrx_word' id='word_1_149' title='bbox 1104 1480 1152 1527; x_wconf 78' lang='lat' dir='ltr'>hi</span> <span class='ocrx_word' id='word_1_150' title='bbox 1184 1495 1388 1527; x_wconf 88' lang='lat' dir='ltr'>numero</span> <span class='ocrx_word' id='word_1_151' title='bbox 1422 1479 1586 1529; x_wconf 86' lang='lat' dir='ltr'>avium</span> 
     </span>
    </p>
   </div>
   <div class='ocr_carea' id='block_1_10' title="bbox 98 1545 1588 1681">
    <p class='ocr_par' dir='ltr' id='par_1_10' title="bbox 98 1545 1588 1681">
     <span class='ocr_line' id='line_1_24' title="bbox 105 1545 1586 1614; baseline 0 -20"><span class='ocrx_word' id='word_1_152' title='bbox 105 1550 248 1594; x_wconf 80' lang='lat' dir='ltr'>Remus</span> <span class='ocrx_word' id='word_1_153' title='bbox 276 1562 514 1614; x_wconf 84' lang='lat' dir='ltr'>aregnum</span> <span class='ocrx_word' id='word_1_154' title='bbox 547 1546 817 1597; x_wconf 83' lang='lat' dir='ltr'>trahebant.</span> <span class='ocrx_word' id='word_1_155' title='bbox 847 1545 965 1596; x_wconf 87' lang='lat' dir='ltr'>Inde</span> <span class='ocrx_word' id='word_1_156' title='bbox 999 1566 1107 1596; x_wconf 89' lang='lat' dir='ltr'>cum</span> <span class='ocrx_word' id='word_1_157' title='bbox 1131 1548 1442 1596; x_wconf 82' lang='lat' dir='ltr'>altercatione</span> <span class='ocrx_word' id='word_1_158' title='bbox 1463 1564 1586 1594; x_wconf 89' lang='lat' dir='ltr'>con·-</span> 
     </span>
     <span class='ocr_line' id='line_1_25' title="bbox 98 1613 1588 1681; baseline -0.001 -20"><span class='ocrx_word' id='word_1_159' title='bbox 98 1614 229 1669; x_wconf 66' lang='lat' dir='ltr'>fratre</span> <span class='ocrx_word' id='word_1_160' title='bbox 242 1629 299 1653; x_wconf 67' lang='grc' dir='ltr'>οι·-</span> <span class='ocrx_word' id='word_1_161' title='bbox 315 1613 454 1681; x_wconf 79' lang='lat' dir='ltr'>greffi</span> <span class='ocrx_word' id='word_1_162' title='bbox 470 1653 484 1676; x_wconf 89' lang='lat'>‚</span> <span class='ocrx_word' id='word_1_163' title='bbox 508 1615 537 1665; x_wconf 90' lang='lat'><strong>6</strong></span> <span class='ocrx_word' id='word_1_164' title='bbox 557 1616 814 1664; x_wconf 82' lang='lat' dir='ltr'>certamine</span> <span class='ocrx_word' id='word_1_165' title='bbox 835 1616 1009 1664; x_wconf 82' lang='lat' dir='ltr'>irarum</span> <span class='ocrx_word' id='word_1_166' title='bbox 1032 1616 1090 1664; x_wconf 80' lang='lat' dir='ltr'>ad</span> <span class='ocrx_word' id='word_1_167' title='bbox 1113 1616 1292 1664; x_wconf 83' lang='lat' dir='ltr'>caedem</span> <span class='ocrx_word' id='word_1_168' title='bbox 1312 1629 1588 1674; x_wconf 79' lang='lat' dir='ltr'>vertuntur3</span> 
     </span>
    </p>
   </div>
   <div class='ocr_carea' id='block_1_11' title="bbox 109 1676 1610 1749">
    <p class='ocr_par' dir='ltr' id='par_1_11' title="bbox 109 1676 1610 1749">
     <span class='ocr_line' id='line_1_26' title="bbox 109 1676 1610 1749; baseline -0.001 -18"><span class='ocrx_word' id='word_1_169' title='bbox 109 1676 267 1718; x_wconf 75' lang='lat' dir='ltr'>cidimr.</span> <span class='ocrx_word' id='word_1_170' title='bbox 313 1683 377 1731; x_wconf 87' lang='lat' dir='ltr'>ibi</span> <span class='ocrx_word' id='word_1_171' title='bbox 408 1686 455 1732; x_wconf 86' lang='lat' dir='ltr'>in</span> <span class='ocrx_word' id='word_1_172' title='bbox 478 1683 613 1731; x_wconf 85' lang='lat' dir='ltr'>turba</span> <span class='ocrx_word' id='word_1_173' title='bbox 639 1683 756 1732; x_wconf 57' lang='lat' dir='ltr'>ietus</span> <span class='ocrx_word' id='word_1_174' title='bbox 789 1683 971 1732; x_wconf 82' lang='lat' dir='ltr'>Remus</span> <span class='ocrx_word' id='word_1_175' title='bbox 1001 1685 1190 1733; x_wconf 84' lang='lat' dir='ltr'>cecidit.</span> <span class='ocrx_word' id='word_1_176' title='bbox 1219 1682 1477 1749; x_wconf 76' lang='lat' dir='ltr'>Vulgatior</span> <span class='ocrx_word' id='word_1_177' title='bbox 1508 1680 1610 1729; x_wconf 63' lang='grc' dir='ltr'>ἔα·-</span> 
     </span>
    </p>
   </div>
   <div class='ocr_carea' id='block_1_12' title="bbox 314 1748 1589 1813">
    <p class='ocr_par' dir='ltr' id='par_1_12' title="bbox 314 1748 1589 1813">
     <span class='ocr_line' id='line_1_27' title="bbox 314 1748 1589 1813; baseline -0.002 -13"><span class='ocrx_word' id='word_1_178' title='bbox 314 1769 393 1800; x_wconf 87' lang='lat' dir='ltr'>ma</span> <span class='ocrx_word' id='word_1_179' title='bbox 424 1751 521 1813; x_wconf 83' lang='lat' dir='ltr'>est,</span> <span class='ocrx_word' id='word_1_180' title='bbox 548 1751 754 1801; x_wconf 83' lang='lat' dir='ltr'>ludibrio</span> <span class='ocrx_word' id='word_1_181' title='bbox 786 1751 940 1801; x_wconf 82' lang='lat' dir='ltr'>fratris</span> <span class='ocrx_word' id='word_1_182' title='bbox 969 1751 1180 1801; x_wconf 88' lang='lat' dir='ltr'>Remum</span> <span class='ocrx_word' id='word_1_183' title='bbox 1217 1769 1378 1800; x_wconf 88' lang='lat' dir='ltr'>novos</span> <span class='ocrx_word' id='word_1_184' title='bbox 1419 1748 1589 1798; x_wconf 81' lang='lat' dir='ltr'>tranfi-</span> 
     </span>
    </p>
   </div>
   <div class='ocr_carea' id='block_1_13' title="bbox 315 1842 1600 2700">
    <p class='ocr_par' dir='ltr' id='par_1_13' title="bbox 315 1842 1589 1960">
     <span class='ocr_line' id='line_1_28' title="bbox 377 1842 1589 1902; baseline -0.005 -15"><span class='ocrx_word' id='word_1_185' title='bbox 377 1860 402 1887; x_wconf 84' lang='lat'>2</span> <span class='ocrx_word' id='word_1_186' title='bbox 438 1847 652 1902; x_wconf 76' lang='lat' dir='ltr'>Supererat</span> <span class='ocrx_word' id='word_1_187' title='bbox 678 1847 918 1901; x_wconf 74' lang='lat' dir='ltr'>multitudo]</span> <span class='ocrx_word' id='word_1_188' title='bbox 1051 1858 1068 1896; x_wconf 84' lang='lat'><em>5</em></span> <span class='ocrx_word' id='word_1_189' title='bbox 1087 1844 1274 1899; x_wconf 81' lang='lat' dir='ltr'>Tempore</span> <span class='ocrx_word' id='word_1_190' title='bbox 1291 1843 1356 1882; x_wconf 73' lang='lat' dir='ltr'>illi</span> <span class='ocrx_word' id='word_1_191' title='bbox 1371 1842 1589 1898; x_wconf 64' lang='lat' dir='ltr'>praecepto]</span> 
     </span>
     <span class='ocr_line' id='line_1_29' title="bbox 315 1905 1588 1960; baseline -0.005 -12"><span class='ocrx_word' id='word_1_192' title='bbox 315 1908 575 1950; x_wconf 75' lang='lat' dir='ltr'>Abundabat.</span> <span class='ocrx_word' id='word_1_193' title='bbox 986 1907 1049 1947; x_wconf 76' lang='lat' dir='ltr'>Uli</span> <span class='ocrx_word' id='word_1_194' title='bbox 1080 1908 1146 1960; x_wconf 86' lang='lat' dir='ltr'>qui</span> <span class='ocrx_word' id='word_1_195' title='bbox 1189 1905 1318 1946; x_wconf 88' lang='lat' dir='ltr'>Remo</span> <span class='ocrx_word' id='word_1_196' title='bbox 1362 1905 1588 1951; x_wconf 77' lang='lat' dir='ltr'>favebant,</span> 
     </span>
    </p>

    <p class='ocr_par' dir='ltr' id='par_1_14' title="bbox 318 1965 1592 2147">
     <span class='ocr_line' id='line_1_30' title="bbox 382 1965 1589 2025; baseline -0.003 -16"><span class='ocrx_word' id='word_1_197' title='bbox 382 1981 401 2020; x_wconf 82' lang='lat'>3</span> <span class='ocrx_word' id='word_1_198' title='bbox 419 1968 646 2025; x_wconf 80' lang='lat' dir='ltr'>Principio]</span> <span class='ocrx_word' id='word_1_199' title='bbox 668 1970 842 2021; x_wconf 87' lang='lat' dir='ltr'>Nempe,</span> <span class='ocrx_word' id='word_1_200' title='bbox 860 1977 920 2016; x_wconf 89' lang='lat' dir='ltr'>ut,</span> <span class='ocrx_word' id='word_1_201' title='bbox 985 1982 1152 2022; x_wconf 76' lang='lat' dir='ltr'>regnum</span> <span class='ocrx_word' id='word_1_202' title='bbox 1169 1967 1216 2006; x_wconf 80' lang='lat' dir='ltr'>ad</span> <span class='ocrx_word' id='word_1_203' title='bbox 1245 1980 1333 2006; x_wconf 85' lang='lat' dir='ltr'>eum</span> <span class='ocrx_word' id='word_1_204' title='bbox 1350 1965 1561 2005; x_wconf 76' lang='lat' dir='ltr'>trahebant</span> <span class='ocrx_word' id='word_1_205' title='bbox 1575 1993 1589 2010; x_wconf 86' lang='lat'><em>,</em></span> 
     </span>
     <span class='ocr_line' id='line_1_31' title="bbox 318 2026 1592 2086; baseline -0.004 -16"><span class='ocrx_word' id='word_1_206' title='bbox 318 2032 506 2085; x_wconf 78' lang='lat' dir='ltr'>quoniam</span> <span class='ocrx_word' id='word_1_207' title='bbox 546 2031 670 2070; x_wconf 73' lang='lat' dir='ltr'>essent</span> <span class='ocrx_word' id='word_1_208' title='bbox 707 2031 921 2086; x_wconf 80' lang='lat' dir='ltr'>gemini....</span> <span class='ocrx_word' id='word_1_209' title='bbox 986 2028 1066 2069; x_wconf 84' lang='lat' dir='ltr'>slve</span> <span class='ocrx_word' id='word_1_210' title='bbox 1098 2028 1186 2082; x_wconf 80' lang='lat' dir='ltr'>ejus</span> <span class='ocrx_word' id='word_1_211' title='bbox 1212 2026 1288 2068; x_wconf 79' lang='lat' dir='ltr'>effe</span> <span class='ocrx_word' id='word_1_212' title='bbox 1316 2027 1464 2066; x_wconf 84' lang='lat' dir='ltr'>debere</span> <span class='ocrx_word' id='word_1_213' title='bbox 1496 2039 1592 2066; x_wconf 86' lang='lat' dir='ltr'>con·</span> 
     </span>
     <span class='ocr_line' id='line_1_32' title="bbox 319 2087 1592 2147; baseline -0.006 -13"><span class='ocrx_word' id='word_1_214' title='bbox 319 2093 375 2134; x_wconf 82' lang='lat' dir='ltr'>dii</span> <span class='ocrx_word' id='word_1_215' title='bbox 408 2092 582 2147; x_wconf 81' lang='lat' dir='ltr'>auguriis</span> <span class='ocrx_word' id='word_1_216' title='bbox 607 2094 848 2147; x_wconf 82' lang='lat' dir='ltr'>legerent...</span> <span class='ocrx_word' id='word_1_217' title='bbox 987 2090 1209 2131; x_wconf 84' lang='lat' dir='ltr'>tendebant</span> <span class='ocrx_word' id='word_1_218' title='bbox 1225 2117 1238 2134; x_wconf 84' lang='grc'>,</span> <span class='ocrx_word' id='word_1_219' title='bbox 1257 2087 1364 2142; x_wconf 76' lang='lat' dir='ltr'>quod</span> <span class='ocrx_word' id='word_1_220' title='bbox 1383 2087 1592 2143; x_wconf 82' lang='lat' dir='ltr'>augurium</span> 
     </span>
    </p>

    <p class='ocr_par' dir='ltr' id='par_1_15' title="bbox 320 2150 1600 2700">
     <span class='ocr_line' id='line_1_33' title="bbox 380 2150 1593 2209; baseline -0.003 -16"><span class='ocrx_word' id='word_1_221' title='bbox 380 2153 617 2209; x_wconf 79' lang='lat' dir='ltr'>4Templa]</span> <span class='ocrx_word' id='word_1_222' title='bbox 638 2154 853 2206; x_wconf 81' lang='lat' dir='ltr'>Tempium</span> <span class='ocrx_word' id='word_1_223' title='bbox 871 2152 924 2192; x_wconf 90' lang='lat' dir='ltr'>di·</span> <span class='ocrx_word' id='word_1_224' title='bbox 990 2153 1025 2192; x_wconf 89' lang='lat' dir='ltr'>ei</span> <span class='ocrx_word' id='word_1_225' title='bbox 1057 2152 1233 2191; x_wconf 79' lang='lat' dir='ltr'>oblatum</span> <span class='ocrx_word' id='word_1_226' title='bbox 1267 2159 1450 2201; x_wconf 83' lang='lat' dir='ltr'>tempore</span> <span class='ocrx_word' id='word_1_227' title='bbox 1483 2150 1593 2203; x_wconf 78' lang='lat' dir='ltr'>prius</span> 
     </span>
     <span class='ocr_line' id='line_1_34' title="bbox 320 2209 1595 2268; baseline -0.004 -13"><span class='ocrx_word' id='word_1_228' title='bbox 320 2216 489 2255; x_wconf 84' lang='lat' dir='ltr'>cebatur</span> <span class='ocrx_word' id='word_1_229' title='bbox 528 2216 568 2256; x_wconf 72' lang='grc' dir='ltr'>ὅ(</span> <span class='ocrx_word' id='word_1_230' title='bbox 605 2215 768 2268; x_wconf 85' lang='lat' dir='ltr'>spatium</span> <span class='ocrx_word' id='word_1_231' title='bbox 801 2214 925 2268; x_wconf 86' lang='lat' dir='ltr'>quod·</span> <span class='ocrx_word' id='word_1_232' title='bbox 990 2213 1086 2254; x_wconf 81' lang='lat' dir='ltr'>effet</span> <span class='ocrx_word' id='word_1_233' title='bbox 1106 2226 1116 2254; x_wconf 88' lang='lat'>:</span> <span class='ocrx_word' id='word_1_234' title='bbox 1138 2213 1202 2261; x_wconf 81' lang='lat' dir='ltr'>hi,</span> <span class='ocrx_word' id='word_1_235' title='bbox 1221 2211 1287 2265; x_wconf 81' lang='lat' dir='ltr'>qui</span> <span class='ocrx_word' id='word_1_236' title='bbox 1312 2210 1489 2250; x_wconf 77' lang='lat' dir='ltr'>Romulo</span> <span class='ocrx_word' id='word_1_237' title='bbox 1506 2238 1517 2257; x_wconf 88' lang='lat'><strong>‚</strong></span> <span class='ocrx_word' id='word_1_238' title='bbox 1544 2209 1595 2250; x_wconf 82' lang='lat' dir='ltr'>ad</span> 
     </span>
     <span class='ocr_line' id='line_1_35' title="bbox 322 2271 1597 2330; baseline -0.005 -14"><span class='ocrx_word' id='word_1_239' title='bbox 322 2277 409 2316; x_wconf 81' lang='lat' dir='ltr'>dam</span> <span class='ocrx_word' id='word_1_240' title='bbox 438 2278 475 2316; x_wconf 86' lang='lat' dir='ltr'>in</span> <span class='ocrx_word' id='word_1_241' title='bbox 495 2291 588 2316; x_wconf 82' lang='lat' dir='ltr'>aere</span> <span class='ocrx_word' id='word_1_242' title='bbox 616 2278 663 2315; x_wconf 84' lang='lat' dir='ltr'>ab</span> <span class='ocrx_word' id='word_1_243' title='bbox 685 2290 836 2330; x_wconf 83' lang='lat' dir='ltr'>augure</span> <span class='ocrx_word' id='word_1_244' title='bbox 857 2276 927 2315; x_wconf 88' lang='lat' dir='ltr'>de·</span> <span class='ocrx_word' id='word_1_245' title='bbox 990 2288 1079 2315; x_wconf 84' lang='lat' dir='ltr'>eum</span> <span class='ocrx_word' id='word_1_246' title='bbox 1093 2276 1295 2328; x_wconf 80' lang='lat' dir='ltr'>pertinere</span> <span class='ocrx_word' id='word_1_247' title='bbox 1308 2285 1473 2325; x_wconf 70' lang='lat' dir='ltr'>reguum</span> <span class='ocrx_word' id='word_1_248' title='bbox 1491 2271 1597 2311; x_wconf 85' lang='lat' dir='ltr'>dice·</span> 
     </span>
     <span class='ocr_line' id='line_1_36' title="bbox 321 2332 1599 2391; baseline -0.005 -14"><span class='ocrx_word' id='word_1_249' title='bbox 321 2337 475 2378; x_wconf 82' lang='lat' dir='ltr'>finitum</span> <span class='ocrx_word' id='word_1_250' title='bbox 494 2366 504 2385; x_wconf 90' lang='lat'>‚</span> <span class='ocrx_word' id='word_1_251' title='bbox 534 2338 636 2377; x_wconf 81' lang='lat' dir='ltr'>in·ra</span> <span class='ocrx_word' id='word_1_252' title='bbox 663 2337 769 2391; x_wconf 84' lang='lat' dir='ltr'>quod</span> <span class='ocrx_word' id='word_1_253' title='bbox 795 2337 928 2390; x_wconf 84' lang='lat' dir='ltr'>auspi·</span> <span class='ocrx_word' id='word_1_254' title='bbox 991 2338 1086 2376; x_wconf 86' lang='lat' dir='ltr'>bant</span> <span class='ocrx_word' id='word_1_255' title='bbox 1105 2367 1118 2387; x_wconf 83' lang='lat'>,</span> <span class='ocrx_word' id='word_1_256' title='bbox 1151 2335 1257 2388; x_wconf 88' lang='lat' dir='ltr'>quod</span> <span class='ocrx_word' id='word_1_257' title='bbox 1285 2332 1409 2385; x_wconf 72' lang='lat' dir='ltr'>major</span> <span class='ocrx_word' id='word_1_258' title='bbox 1443 2333 1522 2372; x_wconf 87' lang='lat' dir='ltr'>sese</span> <span class='ocrx_word' id='word_1_259' title='bbox 1556 2332 1599 2372; x_wconf 87' lang='lat' dir='ltr'>ei</span> 
     </span>
     <span class='ocr_line' id='line_1_37' title="bbox 324 2395 1596 2454; baseline -0.005 -14"><span class='ocrx_word' id='word_1_260' title='bbox 324 2400 383 2440; x_wconf 83' lang='lat' dir='ltr'>cia</span> <span class='ocrx_word' id='word_1_261' title='bbox 413 2401 599 2454; x_wconf 69' lang='lat' dir='ltr'>captabat</span> <span class='ocrx_word' id='word_1_262' title='bbox 632 2412 643 2444; x_wconf 89' lang='lat'>;</span> <span class='ocrx_word' id='word_1_263' title='bbox 679 2399 717 2438; x_wconf 71' lang='grc' dir='ltr'>δι</span> <span class='ocrx_word' id='word_1_264' title='bbox 747 2398 828 2452; x_wconf 86' lang='lat' dir='ltr'>ipse</span> <span class='ocrx_word' id='word_1_265' title='bbox 863 2399 931 2438; x_wconf 87' lang='lat' dir='ltr'>lo·</span> <span class='ocrx_word' id='word_1_266' title='bbox 993 2396 1218 2438; x_wconf 75' lang='lat' dir='ltr'>ostendisset</span> <span class='ocrx_word' id='word_1_267' title='bbox 1237 2395 1365 2434; x_wconf 77' lang='lat' dir='ltr'>avium</span> <span class='ocrx_word' id='word_1_268' title='bbox 1392 2402 1596 2434; x_wconf 84' lang='lat' dir='ltr'>numerus.</span> 
     </span>
     <span class='ocr_line' id='line_1_38' title="bbox 324 2455 1598 2513; baseline -0.007 -11"><span class='ocrx_word' id='word_1_269' title='bbox 324 2475 394 2502; x_wconf 88' lang='lat' dir='ltr'>cus</span> <span class='ocrx_word' id='word_1_270' title='bbox 411 2489 422 2506; x_wconf 92' lang='lat'>‚</span> <span class='ocrx_word' id='word_1_271' title='bbox 442 2460 509 2501; x_wconf 77' lang='lat' dir='ltr'>ubi</span> <span class='ocrx_word' id='word_1_272' title='bbox 537 2460 669 2500; x_wconf 76' lang='lat' dir='ltr'>sedem</span> <span class='ocrx_word' id='word_1_273' title='bbox 701 2470 862 2513; x_wconf 78' lang='lat' dir='ltr'>ceperat</span> <span class='ocrx_word' id='word_1_274' title='bbox 882 2459 931 2498; x_wconf 77' lang='lat' dir='ltr'>ad</span> <span class='ocrx_word' id='word_1_275' title='bbox 1039 2458 1064 2498; x_wconf 89' lang='lat'>6</span> <span class='ocrx_word' id='word_1_276' title='bbox 1082 2456 1297 2498; x_wconf 68' lang='lat' dir='ltr'>Cet-tamine</span> <span class='ocrx_word' id='word_1_277' title='bbox 1311 2455 1470 2508; x_wconf 75' lang='lat' dir='ltr'>irarum]</span> <span class='ocrx_word' id='word_1_278' title='bbox 1487 2455 1598 2495; x_wconf 83' lang='lat' dir='ltr'>Dum</span> 
     </span>
     <span class='ocr_line' id='line_1_39' title="bbox 326 2516 1600 2576; baseline -0.005 -14"><span class='ocrx_word' id='word_1_279' title='bbox 326 2522 520 2576; x_wconf 82' lang='lat' dir='ltr'>captanda</span> <span class='ocrx_word' id='word_1_280' title='bbox 552 2521 738 2573; x_wconf 76' lang='lat' dir='ltr'>auspicia.</span> <span class='ocrx_word' id='word_1_281' title='bbox 770 2520 806 2561; x_wconf 89' lang='lat' dir='ltr'>A</span> <span class='ocrx_word' id='word_1_282' title='bbox 834 2533 931 2560; x_wconf 80' lang='lat' dir='ltr'>tem-</span> <span class='ocrx_word' id='word_1_283' title='bbox 996 2529 1151 2560; x_wconf 86' lang='lat' dir='ltr'>certant</span> <span class='ocrx_word' id='word_1_284' title='bbox 1166 2516 1468 2571; x_wconf 82' lang='lat' dir='ltr'>utriusqueirae,</span> <span class='ocrx_word' id='word_1_285' title='bbox 1489 2516 1530 2557; x_wconf 87' lang='lat'>&amp;</span> <span class='ocrx_word' id='word_1_286' title='bbox 1549 2529 1600 2556; x_wconf 87' lang='lat' dir='ltr'>ex</span> 
     </span>
     <span class='ocr_line' id='line_1_40' title="bbox 322 2576 1588 2639; baseline -0.003 -18"><span class='ocrx_word' id='word_1_287' title='bbox 322 2584 396 2639; x_wconf 81' lang='lat' dir='ltr'>plo</span> <span class='ocrx_word' id='word_1_288' title='bbox 434 2584 487 2622; x_wconf 85' lang='lat' dir='ltr'>ita</span> <span class='ocrx_word' id='word_1_289' title='bbox 531 2582 737 2625; x_wconf 62' lang='lat' dir='ltr'>inteneuo</span> <span class='ocrx_word' id='word_1_290' title='bbox 788 2582 931 2624; x_wconf 63' lang='lat' dir='ltr'>dictum</span> <span class='ocrx_word' id='word_1_291' title='bbox 995 2581 1078 2635; x_wconf 90' lang='lat' dir='ltr'>ipso</span> <span class='ocrx_word' id='word_1_292' title='bbox 1101 2579 1286 2624; x_wconf 62' lang='lat' dir='ltr'>confliuu</span> <span class='ocrx_word' id='word_1_293' title='bbox 1306 2576 1588 2620; x_wconf 81' lang='lat' dir='ltr'>exardescunt.</span> 
     </span>
     <span class='ocr_line' id='line_1_41' title="bbox 328 2644 1449 2700; baseline 0.003 -16"><span class='ocrx_word' id='word_1_294' title='bbox 328 2645 383 2684; x_wconf 75' lang='lat' dir='ltr'>est</span> <span class='ocrx_word' id='word_1_295' title='bbox 404 2644 679 2700; x_wconf 78' lang='lat' dir='ltr'>contemplari.</span> <span class='ocrx_word' id='word_1_296' title='bbox 1444 2657 1449 2662; x_wconf 87' lang='grc'><em>·</em></span> 
     </span>
    </p>
   </div>
  </div>
 </body>
</html>
