<?xml version="1.0" encoding="UTF-8"?>
<!DOCTYPE html PUBLIC "-//W3C//DTD XHTML 1.0 Transitional//EN"
    "http://www.w3.org/TR/xhtml1/DTD/xhtml1-transitional.dtd">
<html xmlns="http://www.w3.org/1999/xhtml" xml:lang="en" lang="en">
 <head>
  <title>
</title>
<meta http-equiv="Content-Type" content="text/html;charset=utf-8" />
  <meta name='ocr-system' content='tesseract 3.04.00' />
  <meta name='ocr-capabilities' content='ocr_page ocr_carea ocr_par ocr_line ocrx_word'/>
</head>
<body>
  <div class='ocr_page' id='page_1' title='image "./tliviipatavinihi0101livy_0020.png"; bbox 0 0 1668 3078; ppageno 0'>
   <div class='ocr_carea' id='block_1_1' title="bbox 311 42 1256 149">
    <p class='ocr_par' dir='ltr' id='par_1_1' title="bbox 311 42 1256 149">
     <span class='ocr_line' id='line_1_1' title="bbox 311 42 1256 149; baseline 0 -15"><span class='ocrx_word' id='word_1_1' title='bbox 311 75 402 149; x_wconf 69' lang='lat' dir='ltr'>xvj</span> <span class='ocrx_word' id='word_1_2' title='bbox 592 42 1256 134; x_wconf 61' lang='lat' dir='ltr'><em>PRAEFATJO}</em></span> 
     </span>
    </p>
   </div>
   <div class='ocr_carea' id='block_1_2' title="bbox 95 150 1621 2658">
    <p class='ocr_par' dir='ltr' id='par_1_2' title="bbox 307 150 1621 484">
     <span class='ocr_line' id='line_1_2' title="bbox 375 150 1589 223; baseline 0 -19"><span class='ocrx_word' id='word_1_3' title='bbox 375 153 438 204; x_wconf 88' lang='lat' dir='ltr'>Et</span> <span class='ocrx_word' id='word_1_4' title='bbox 470 154 698 221; x_wconf 88' lang='lat' dir='ltr'>quidem,</span> <span class='ocrx_word' id='word_1_5' title='bbox 728 155 762 204; x_wconf 79' lang='lat' dir='ltr'><strong>fi</strong></span> <span class='ocrx_word' id='word_1_6' title='bbox 783 172 857 204; x_wconf 89' lang='lat' dir='ltr'>res</span> <span class='ocrx_word' id='word_1_7' title='bbox 882 156 978 222; x_wconf 83' lang='lat' dir='ltr'>ipsa</span> <span class='ocrx_word' id='word_1_8' title='bbox 1009 155 1310 221; x_wconf 75' lang='lat' dir='ltr'>inspiciatur,</span> <span class='ocrx_word' id='word_1_9' title='bbox 1334 154 1448 223; x_wconf 91' lang='lat' dir='ltr'>quid</span> <span class='ocrx_word' id='word_1_10' title='bbox 1476 150 1589 204; x_wconf 66' lang='lat' dir='ltr'>fan·</span> 
     </span>
     <span class='ocr_line' id='line_1_3' title="bbox 309 223 1621 290; baseline -0.002 -18"><span class='ocrx_word' id='word_1_11' title='bbox 309 224 424 272; x_wconf 84' lang='lat' dir='ltr'>dem</span> <span class='ocrx_word' id='word_1_12' title='bbox 453 223 700 290; x_wconf 83' lang='lat' dir='ltr'><strong>deliquere</strong></span> <span class='ocrx_word' id='word_1_13' title='bbox 732 223 902 272; x_wconf 88' lang='lat' dir='ltr'>summi</span> <span class='ocrx_word' id='word_1_14' title='bbox 940 223 1193 290; x_wconf 80' lang='lat' dir='ltr'>scriptores</span> <span class='ocrx_word' id='word_1_15' title='bbox 1216 263 1229 280; x_wconf 82' lang='grc'><em>,</em></span> <span class='ocrx_word' id='word_1_16' title='bbox 1266 224 1381 272; x_wconf 86' lang='lat' dir='ltr'>dum</span> <span class='ocrx_word' id='word_1_17' title='bbox 1412 238 1586 290; x_wconf 83' lang='lat' dir='ltr'>praeter</span> <span class='ocrx_word' id='word_1_18' title='bbox 1612 231 1621 233; x_wconf 52' lang='lat'><strong><em>⁴</em></strong></span> 
     </span>
     <span class='ocr_line' id='line_1_4' title="bbox 308 291 1587 357; baseline -0.002 -17"><span class='ocrx_word' id='word_1_19' title='bbox 308 307 417 340; x_wconf 88' lang='lat' dir='ltr'>eam</span> <span class='ocrx_word' id='word_1_20' title='bbox 461 309 565 357; x_wconf 86' lang='lat' dir='ltr'>quae</span> <span class='ocrx_word' id='word_1_21' title='bbox 605 291 872 339; x_wconf 87' lang='lat' dir='ltr'>debebatur</span> <span class='ocrx_word' id='word_1_22' title='bbox 895 328 910 350; x_wconf 89' lang='lat'>,</span> <span class='ocrx_word' id='word_1_23' title='bbox 948 292 1287 341; x_wconf 81' lang='lat' dir='ltr'>narrandarum</span> <span class='ocrx_word' id='word_1_24' title='bbox 1329 291 1536 356; x_wconf 76' lang='lat' dir='ltr'>jucunde</span> <span class='ocrx_word' id='word_1_25' title='bbox 1568 326 1587 348; x_wconf 87' lang='lat'><strong>,</strong></span> 
     </span>
     <span class='ocr_line' id='line_1_5' title="bbox 307 357 1583 426; baseline -0.002 -20"><span class='ocrx_word' id='word_1_26' title='bbox 307 361 543 426; x_wconf 78' lang='lat' dir='ltr'>graviter,</span> <span class='ocrx_word' id='word_1_27' title='bbox 570 357 776 406; x_wconf 57' lang='lat' dir='ltr'>distinet&amp;</span> <span class='ocrx_word' id='word_1_28' title='bbox 797 396 811 417; x_wconf 83' lang='lat'><strong>‚</strong></span> <span class='ocrx_word' id='word_1_29' title='bbox 838 358 1143 424; x_wconf 72' lang='lat' dir='ltr'>dilucideque</span> <span class='ocrx_word' id='word_1_30' title='bbox 1171 376 1328 407; x_wconf 87' lang='lat' dir='ltr'>rerum</span> <span class='ocrx_word' id='word_1_31' title='bbox 1360 359 1583 422; x_wconf 74' lang='lat' dir='ltr'>volupta-</span> 
     </span>
     <span class='ocr_line' id='line_1_6' title="bbox 309 425 1586 484; baseline -0.001 -11"><span class='ocrx_word' id='word_1_32' title='bbox 309 442 443 484; x_wconf 81' lang='lat' dir='ltr'>tem‚</span> <span class='ocrx_word' id='word_1_33' title='bbox 479 428 620 473; x_wconf 82' lang='lat' dir='ltr'>etiarn</span> <span class='ocrx_word' id='word_1_34' title='bbox 657 426 854 474; x_wconf 88' lang='lat' dir='ltr'>alteram</span> <span class='ocrx_word' id='word_1_35' title='bbox 886 426 1150 474; x_wconf 81' lang='lat' dir='ltr'>indebitam</span> <span class='ocrx_word' id='word_1_36' title='bbox 1186 427 1323 475; x_wconf 80' lang='lat' dir='ltr'>nobis</span> <span class='ocrx_word' id='word_1_37' title='bbox 1357 443 1416 474; x_wconf 88' lang='lat' dir='ltr'>ex</span> <span class='ocrx_word' id='word_1_38' title='bbox 1449 425 1586 474; x_wconf 86' lang='lat' dir='ltr'>lucu·</span> 
     </span>
    </p>

    <p class='ocr_par' dir='ltr' id='par_1_3' title="bbox 95 492 1585 843">
     <span class='ocr_line' id='line_1_7' title="bbox 159 492 1585 559; baseline -0.001 -17"><span class='ocrx_word' id='word_1_39' title='bbox 159 492 574 542; x_wconf 79' lang='lat' dir='ltr'>Fidemlem-iffimis</span> <span class='ocrx_word' id='word_1_40' title='bbox 614 492 909 542; x_wconf 84' lang='lat' dir='ltr'>orationibus</span> <span class='ocrx_word' id='word_1_41' title='bbox 958 494 1235 559; x_wconf 86' lang='lat' dir='ltr'>paravere?</span> <span class='ocrx_word' id='word_1_42' title='bbox 1281 494 1422 542; x_wconf 85' lang='lat' dir='ltr'>Fides</span> <span class='ocrx_word' id='word_1_43' title='bbox 1449 530 1463 552; x_wconf 83' lang='lat'>,</span> <span class='ocrx_word' id='word_1_44' title='bbox 1508 494 1585 540; x_wconf 83' lang='lat' dir='ltr'>in-</span> 
     </span>
     <span class='ocr_line' id='line_1_8' title="bbox 98 554 1583 627; baseline 0.001 -22"><span class='ocrx_word' id='word_1_45' title='bbox 98 554 262 605; x_wconf 67' lang='lat' dir='ltr'>&#39;21&#39;st0r1&#39;ae</span> <span class='ocrx_word' id='word_1_46' title='bbox 311 578 476 627; x_wconf 83' lang='lat' dir='ltr'>quiunt</span> <span class='ocrx_word' id='word_1_47' title='bbox 499 600 512 620; x_wconf 91' lang='lat'>‚</span> <span class='ocrx_word' id='word_1_48' title='bbox 536 560 740 609; x_wconf 85' lang='lat' dir='ltr'>historiae</span> <span class='ocrx_word' id='word_1_49' title='bbox 778 561 983 608; x_wconf 83' lang='lat' dir='ltr'>violatur</span> <span class='ocrx_word' id='word_1_50' title='bbox 1005 598 1019 620; x_wconf 81' lang='lat'>‚</span> <span class='ocrx_word' id='word_1_51' title='bbox 1057 561 1170 609; x_wconf 88' lang='lat' dir='ltr'>dum</span> <span class='ocrx_word' id='word_1_52' title='bbox 1205 579 1260 609; x_wconf 81' lang='lat' dir='ltr'>ea</span> <span class='ocrx_word' id='word_1_53' title='bbox 1286 562 1426 609; x_wconf 91' lang='lat' dir='ltr'>nobis</span> <span class='ocrx_word' id='word_1_54' title='bbox 1459 575 1583 608; x_wconf 86' lang='lat' dir='ltr'>tarn.-</span> 
     </span>
     <span class='ocr_line' id='line_1_9' title="bbox 98 618 1580 696; baseline -0.002 -20"><span class='ocrx_word' id='word_1_55' title='bbox 98 631 179 656; x_wconf 85' lang='lat' dir='ltr'>non</span> <span class='ocrx_word' id='word_1_56' title='bbox 207 618 273 686; x_wconf 45' lang='grc' dir='ltr'>[κζ</span> <span class='ocrx_word' id='word_1_57' title='bbox 312 646 455 696; x_wconf 85' lang='lat' dir='ltr'>quam</span> <span class='ocrx_word' id='word_1_58' title='bbox 487 627 604 676; x_wconf 58' lang='lat' dir='ltr'>dieta</span> <span class='ocrx_word' id='word_1_59' title='bbox 629 628 976 688; x_wconf 70' lang='lat' dir='ltr'>obtruduntur,</span> <span class='ocrx_word' id='word_1_60' title='bbox 997 646 1101 694; x_wconf 86' lang='lat' dir='ltr'>quae</span> <span class='ocrx_word' id='word_1_61' title='bbox 1126 644 1288 677; x_wconf 88' lang='lat' dir='ltr'>tamen</span> <span class='ocrx_word' id='word_1_62' title='bbox 1319 643 1580 693; x_wconf 85' lang='lat' dir='ltr'>numquam</span> 
     </span>
     <span class='ocr_line' id='line_1_10' title="bbox 97 678 1583 760; baseline -0.002 -15"><span class='ocrx_word' id='word_1_63' title='bbox 97 678 195 745; x_wconf 55' lang='lat'>‘¹¹37‘</span> <span class='ocrx_word' id='word_1_64' title='bbox 222 679 293 718; x_wconf 49' lang='grc' dir='ltr'>Δι’</span> <span class='ocrx_word' id='word_1_65' title='bbox 310 713 480 745; x_wconf 86' lang='lat' dir='ltr'>revera</span> <span class='ocrx_word' id='word_1_66' title='bbox 517 695 636 744; x_wconf 59' lang='lat' dir='ltr'>dicia</span> <span class='ocrx_word' id='word_1_67' title='bbox 671 696 787 743; x_wconf 86' lang='lat' dir='ltr'>sunt.</span> <span class='ocrx_word' id='word_1_68' title='bbox 826 694 978 759; x_wconf 77' lang='lat' dir='ltr'>Quasi</span> <span class='ocrx_word' id='word_1_69' title='bbox 1019 697 1140 744; x_wconf 75' lang='lat' dir='ltr'>verb</span> <span class='ocrx_word' id='word_1_70' title='bbox 1173 699 1390 760; x_wconf 78' lang='lat' dir='ltr'>cuiquam</span> <span class='ocrx_word' id='word_1_71' title='bbox 1431 698 1583 743; x_wconf 85' lang='lat' dir='ltr'>inno·-</span> 
     </span>
     <span class='ocr_line' id='line_1_11' title="bbox 95 752 1582 843; baseline -0.001 -31"><span class='ocrx_word' id='word_1_72' title='bbox 95 752 263 843; x_wconf 49' lang='lat' dir='ltr'>ngnzza‘</span> <span class='ocrx_word' id='word_1_73' title='bbox 311 781 423 812; x_wconf 74' lang='lat' dir='ltr'>cens</span> <span class='ocrx_word' id='word_1_74' title='bbox 453 765 533 813; x_wconf 86' lang='lat' dir='ltr'>ille</span> <span class='ocrx_word' id='word_1_75' title='bbox 562 764 700 811; x_wconf 83' lang='lat' dir='ltr'>dolus</span> <span class='ocrx_word' id='word_1_76' title='bbox 729 766 978 828; x_wconf 80' lang='lat' dir='ltr'>imponat,</span> <span class='ocrx_word' id='word_1_77' title='bbox 1012 779 1092 813; x_wconf 83' lang='lat' dir='ltr'>aut</span> <span class='ocrx_word' id='word_1_78' title='bbox 1119 764 1384 830; x_wconf 88' lang='lat' dir='ltr'>periculum</span> <span class='ocrx_word' id='word_1_79' title='bbox 1416 762 1496 821; x_wconf 83' lang='lat' dir='ltr'>sit,</span> <span class='ocrx_word' id='word_1_80' title='bbox 1519 776 1582 811; x_wconf 84' lang='lat' dir='ltr'>ne</span> 
     </span>
    </p>

    <p class='ocr_par' dir='ltr' id='par_1_4' title="bbox 229 829 1586 1152">
     <span class='ocr_line' id='line_1_12' title="bbox 229 829 1582 898; baseline -0.001 -18"><span class='ocrx_word' id='word_1_81' title='bbox 229 829 241 843; x_wconf 76' lang='grc'><strong><em>’</em></strong></span> <span class='ocrx_word' id='word_1_82' title='bbox 309 835 414 897; x_wconf 87' lang='lat' dir='ltr'>quis</span> <span class='ocrx_word' id='word_1_83' title='bbox 448 833 548 880; x_wconf 80' lang='lat' dir='ltr'>iilas</span> <span class='ocrx_word' id='word_1_84' title='bbox 577 831 697 880; x_wconf 81' lang='lat' dir='ltr'>Livii</span> <span class='ocrx_word' id='word_1_85' title='bbox 732 849 828 878; x_wconf 87' lang='lat' dir='ltr'>tam</span> <span class='ocrx_word' id='word_1_86' title='bbox 862 832 1116 898; x_wconf 67' lang='lat' dir='ltr'>diiigenter</span> <span class='ocrx_word' id='word_1_87' title='bbox 1147 832 1416 879; x_wconf 84' lang='lat' dir='ltr'>elaboratas</span> <span class='ocrx_word' id='word_1_88' title='bbox 1436 868 1450 891; x_wconf 86' lang='lat'><strong>,</strong></span> <span class='ocrx_word' id='word_1_89' title='bbox 1482 839 1582 879; x_wconf 75' lang='lat' dir='ltr'>tam</span> 
     </span>
     <span class='ocr_line' id='line_1_13' title="bbox 309 898 1586 965; baseline -0.002 -18"><span class='ocrx_word' id='word_1_90' title='bbox 309 899 476 949; x_wconf 74' lang='lat' dir='ltr'>severe</span> <span class='ocrx_word' id='word_1_91' title='bbox 522 898 796 965; x_wconf 75' lang='lat' dir='ltr'>castigatas,</span> <span class='ocrx_word' id='word_1_92' title='bbox 832 901 975 947; x_wconf 76' lang='lat' dir='ltr'>tantis</span> <span class='ocrx_word' id='word_1_93' title='bbox 1016 898 1278 948; x_wconf 82' lang='lat' dir='ltr'>verborum</span> <span class='ocrx_word' id='word_1_94' title='bbox 1320 898 1586 948; x_wconf 84' lang='lat' dir='ltr'>sententia-</span> 
     </span>
     <span class='ocr_line' id='line_1_14' title="bbox 308 967 1585 1032; baseline -0.002 -17"><span class='ocrx_word' id='word_1_95' title='bbox 308 984 511 1032; x_wconf 86' lang='lat' dir='ltr'>rumque</span> <span class='ocrx_word' id='word_1_96' title='bbox 548 967 790 1015; x_wconf 81' lang='lat' dir='ltr'>munditiis</span> <span class='ocrx_word' id='word_1_97' title='bbox 820 968 1031 1014; x_wconf 80' lang='lat' dir='ltr'>excultas</span> <span class='ocrx_word' id='word_1_98' title='bbox 1062 970 1303 1016; x_wconf 85' lang='lat' dir='ltr'>orationes</span> <span class='ocrx_word' id='word_1_99' title='bbox 1336 967 1397 1014; x_wconf 87' lang='lat' dir='ltr'>ab</span> <span class='ocrx_word' id='word_1_100' title='bbox 1427 967 1585 1014; x_wconf 77' lang='lat' dir='ltr'>horri-</span> 
     </span>
     <span class='ocr_line' id='line_1_15' title="bbox 310 1033 1586 1100; baseline -0.001 -18"><span class='ocrx_word' id='word_1_101' title='bbox 310 1035 381 1083; x_wconf 89' lang='lat' dir='ltr'>dis</span> <span class='ocrx_word' id='word_1_102' title='bbox 405 1036 496 1083; x_wconf 90' lang='lat' dir='ltr'>illis</span> <span class='ocrx_word' id='word_1_103' title='bbox 527 1036 790 1100; x_wconf 87' lang='lat' dir='ltr'>primorum</span> <span class='ocrx_word' id='word_1_104' title='bbox 811 1035 939 1081; x_wconf 87' lang='lat' dir='ltr'>urbis</span> <span class='ocrx_word' id='word_1_105' title='bbox 973 1033 1145 1083; x_wconf 83' lang='lat' dir='ltr'>Rornae</span> <span class='ocrx_word' id='word_1_106' title='bbox 1168 1049 1449 1100; x_wconf 85' lang='lat' dir='ltr'>temporum</span> <span class='ocrx_word' id='word_1_107' title='bbox 1478 1051 1586 1082; x_wconf 77' lang='lat' dir='ltr'>ara-</span> 
     </span>
     <span class='ocr_line' id='line_1_16' title="bbox 306 1096 905 1152; baseline 0 -2"><span class='ocrx_word' id='word_1_108' title='bbox 306 1103 490 1152; x_wconf 84' lang='lat' dir='ltr'>toribus</span> <span class='ocrx_word' id='word_1_109' title='bbox 522 1101 615 1151; x_wconf 86' lang='lat' dir='ltr'>esse</span> <span class='ocrx_word' id='word_1_110' title='bbox 646 1096 905 1150; x_wconf 60' lang='lat' dir='ltr'>&#39;existimet-</span> 
     </span>
    </p>

    <p class='ocr_par' dir='ltr' id='par_1_5' title="bbox 304 1167 1589 2658">
     <span class='ocr_line' id='line_1_17' title="bbox 377 1167 1583 1236; baseline -0.002 -17"><span class='ocrx_word' id='word_1_111' title='bbox 377 1170 544 1219; x_wconf 86' lang='lat' dir='ltr'>Unum</span> <span class='ocrx_word' id='word_1_112' title='bbox 595 1172 803 1236; x_wconf 78' lang='lat' dir='ltr'>excipio.</span> <span class='ocrx_word' id='word_1_113' title='bbox 863 1167 911 1218; x_wconf 87' lang='lat' dir='ltr'>Si</span> <span class='ocrx_word' id='word_1_114' title='bbox 964 1168 1180 1235; x_wconf 86' lang='lat' dir='ltr'>scriptori</span> <span class='ocrx_word' id='word_1_115' title='bbox 1231 1170 1360 1218; x_wconf 87' lang='lat' dir='ltr'>licuit</span> <span class='ocrx_word' id='word_1_116' title='bbox 1413 1185 1583 1218; x_wconf 87' lang='lat' dir='ltr'>eorum</span> 
     </span>
     <span class='ocr_line' id='line_1_18' title="bbox 308 1234 1586 1305; baseline -0.002 -19"><span class='ocrx_word' id='word_1_117' title='bbox 308 1254 430 1305; x_wconf 87' lang='lat' dir='ltr'>quos</span> <span class='ocrx_word' id='word_1_118' title='bbox 477 1240 688 1286; x_wconf 86' lang='lat' dir='ltr'>dicentes</span> <span class='ocrx_word' id='word_1_119' title='bbox 720 1237 830 1286; x_wconf 87' lang='lat' dir='ltr'>facit</span> <span class='ocrx_word' id='word_1_120' title='bbox 867 1234 1045 1284; x_wconf 79' lang='lat' dir='ltr'>referre</span> <span class='ocrx_word' id='word_1_121' title='bbox 1075 1238 1261 1296; x_wconf 86' lang='lat' dir='ltr'>verba,</span> <span class='ocrx_word' id='word_1_122' title='bbox 1308 1237 1356 1285; x_wconf 73' lang='grc' dir='ltr'>ὅ(</span> <span class='ocrx_word' id='word_1_123' title='bbox 1399 1238 1586 1285; x_wconf 72' lang='grc' dir='ltr'>οτειτίο-</span> 
     </span>
     <span class='ocr_line' id='line_1_19' title="bbox 306 1304 1586 1370; baseline -0.001 -16"><span class='ocrx_word' id='word_1_124' title='bbox 306 1323 394 1354; x_wconf 88' lang='lat' dir='ltr'>nes</span> <span class='ocrx_word' id='word_1_125' title='bbox 434 1307 554 1370; x_wconf 80' lang='lat' dir='ltr'>ipsas</span> <span class='ocrx_word' id='word_1_126' title='bbox 577 1343 591 1366; x_wconf 82' lang='lat'>,</span> <span class='ocrx_word' id='word_1_127' title='bbox 625 1305 789 1370; x_wconf 83' lang='lat' dir='ltr'>quales</span> <span class='ocrx_word' id='word_1_128' title='bbox 837 1307 1153 1369; x_wconf 79' lang='lat' dir='ltr'>pronuntiatae</span> <span class='ocrx_word' id='word_1_129' title='bbox 1190 1304 1293 1353; x_wconf 88' lang='lat' dir='ltr'>sunt</span> <span class='ocrx_word' id='word_1_130' title='bbox 1315 1343 1328 1366; x_wconf 84' lang='grc'>,</span> <span class='ocrx_word' id='word_1_131' title='bbox 1360 1305 1586 1353; x_wconf 73' lang='lat' dir='ltr'>alicunde</span> 
     </span>
     <span class='ocr_line' id='line_1_20' title="bbox 306 1371 1583 1439; baseline -0.001 -18"><span class='ocrx_word' id='word_1_132' title='bbox 306 1374 510 1422; x_wconf 85' lang='lat' dir='ltr'>nancisci</span> <span class='ocrx_word' id='word_1_133' title='bbox 538 1410 550 1433; x_wconf 79' lang='grc'>,</span> <span class='ocrx_word' id='word_1_134' title='bbox 581 1374 698 1421; x_wconf 76' lang='lat' dir='ltr'>nihil</span> <span class='ocrx_word' id='word_1_135' title='bbox 746 1372 941 1420; x_wconf 86' lang='lat' dir='ltr'>dubium</span> <span class='ocrx_word' id='word_1_136' title='bbox 973 1371 1063 1420; x_wconf 70' lang='lat' dir='ltr'>esse</span> <span class='ocrx_word' id='word_1_137' title='bbox 1100 1372 1258 1439; x_wconf 86' lang='lat' dir='ltr'>potest</span> <span class='ocrx_word' id='word_1_138' title='bbox 1281 1410 1294 1431; x_wconf 84' lang='lat'><strong>‚</strong></span> <span class='ocrx_word' id='word_1_139' title='bbox 1332 1374 1446 1438; x_wconf 88' lang='lat' dir='ltr'>quin</span> <span class='ocrx_word' id='word_1_140' title='bbox 1490 1372 1583 1420; x_wconf 75' lang='lat' dir='ltr'>il‘lae</span> 
     </span>
     <span class='ocr_line' id='line_1_21' title="bbox 307 1440 1587 1506; baseline -0.002 -16"><span class='ocrx_word' id='word_1_141' title='bbox 307 1442 514 1490; x_wconf 80' lang='lat' dir='ltr'>totidem</span> <span class='ocrx_word' id='word_1_142' title='bbox 545 1441 703 1490; x_wconf 81' lang='lat' dir='ltr'>verbis</span> <span class='ocrx_word' id='word_1_143' title='bbox 742 1440 908 1489; x_wconf 51' lang='lat' dir='ltr'>Ieciori</span> <span class='ocrx_word' id='word_1_144' title='bbox 950 1440 1210 1488; x_wconf 65' lang='lat' dir='ltr'>reddendae</span> <span class='ocrx_word' id='word_1_145' title='bbox 1261 1440 1379 1500; x_wconf 81' lang='lat' dir='ltr'>sint,</span> <span class='ocrx_word' id='word_1_146' title='bbox 1423 1455 1587 1506; x_wconf 83' lang='lat' dir='ltr'>neque</span> 
     </span>
     <span class='ocr_line' id='line_1_22' title="bbox 306 1507 1584 1574; baseline -0.002 -18"><span class='ocrx_word' id='word_1_147' title='bbox 306 1510 355 1556; x_wconf 83' lang='lat' dir='ltr'>in</span> <span class='ocrx_word' id='word_1_148' title='bbox 401 1526 564 1558; x_wconf 86' lang='lat' dir='ltr'>earum</span> <span class='ocrx_word' id='word_1_149' title='bbox 603 1509 763 1557; x_wconf 86' lang='lat' dir='ltr'>locum</span> <span class='ocrx_word' id='word_1_150' title='bbox 811 1507 1016 1557; x_wconf 84' lang='lat' dir='ltr'>ludentis</span> <span class='ocrx_word' id='word_1_151' title='bbox 1070 1510 1244 1574; x_wconf 77' lang='lat' dir='ltr'>ingenii</span> <span class='ocrx_word' id='word_1_152' title='bbox 1282 1507 1425 1556; x_wconf 72' lang='lat' dir='ltr'>foetus</span> <span class='ocrx_word' id='word_1_153' title='bbox 1466 1507 1584 1572; x_wconf 86' lang='lat' dir='ltr'>sup-</span> 
     </span>
     <span class='ocr_line' id='line_1_23' title="bbox 307 1573 1586 1642; baseline -0.002 -17"><span class='ocrx_word' id='word_1_154' title='bbox 307 1578 540 1642; x_wconf 82' lang='lat' dir='ltr'>ponendi.</span> <span class='ocrx_word' id='word_1_155' title='bbox 571 1576 742 1641; x_wconf 77' lang='lat' dir='ltr'>Itaque</span> <span class='ocrx_word' id='word_1_156' title='bbox 780 1594 877 1625; x_wconf 88' lang='lat' dir='ltr'>non</span> <span class='ocrx_word' id='word_1_157' title='bbox 914 1576 1197 1642; x_wconf 74' lang='lat' dir='ltr'>negabimus</span> <span class='ocrx_word' id='word_1_158' title='bbox 1226 1573 1440 1640; x_wconf 77' lang='lat' dir='ltr'>peccasse</span> <span class='ocrx_word' id='word_1_159' title='bbox 1473 1573 1586 1622; x_wconf 83' lang='lat' dir='ltr'>Ta-</span> 
     </span>
     <span class='ocr_line' id='line_1_24' title="bbox 308 1640 1587 1711; baseline 0 -19"><span class='ocrx_word' id='word_1_160' title='bbox 308 1646 489 1705; x_wconf 81' lang='lat' dir='ltr'>citum,</span> <span class='ocrx_word' id='word_1_161' title='bbox 525 1646 607 1711; x_wconf 88' lang='lat' dir='ltr'>qui</span> <span class='ocrx_word' id='word_1_162' title='bbox 649 1646 698 1692; x_wconf 88' lang='lat' dir='ltr'>in</span> <span class='ocrx_word' id='word_1_163' title='bbox 750 1644 781 1693; x_wconf 82' lang='lat' dir='ltr'>l.</span> <span class='ocrx_word' id='word_1_164' title='bbox 827 1642 899 1691; x_wconf 79' lang='lat' dir='ltr'>XI</span> <span class='ocrx_word' id='word_1_165' title='bbox 946 1647 1078 1691; x_wconf 71' lang='lat' dir='ltr'>Ann.</span> <span class='ocrx_word' id='word_1_166' title='bbox 1127 1661 1168 1691; x_wconf 87' lang='lat' dir='ltr'>c.</span> <span class='ocrx_word' id='word_1_167' title='bbox 1214 1660 1275 1700; x_wconf 80' lang='lat'>24</span> <span class='ocrx_word' id='word_1_168' title='bbox 1316 1681 1330 1703; x_wconf 85' lang='lat'>‚</span> <span class='ocrx_word' id='word_1_169' title='bbox 1377 1640 1587 1692; x_wconf 81' lang='lat' dir='ltr'>Claudi-o</span> 
     </span>
     <span class='ocr_line' id='line_1_25' title="bbox 304 1710 1585 1777; baseline -0.002 -17"><span class='ocrx_word' id='word_1_170' title='bbox 304 1710 594 1777; x_wconf 83' lang='lat' dir='ltr'>Imperatori</span> <span class='ocrx_word' id='word_1_171' title='bbox 629 1711 833 1761; x_wconf 85' lang='lat' dir='ltr'>alienam</span> <span class='ocrx_word' id='word_1_172' title='bbox 869 1712 918 1759; x_wconf 84' lang='lat'>&amp;</span> <span class='ocrx_word' id='word_1_173' title='bbox 954 1710 1166 1759; x_wconf 70' lang='lat' dir='ltr'>fiffltiam</span> <span class='ocrx_word' id='word_1_174' title='bbox 1217 1712 1431 1764; x_wconf 81' lang='lat' dir='ltr'>tribuerit</span> <span class='ocrx_word' id='word_1_175' title='bbox 1467 1729 1585 1758; x_wconf 80' lang='lat' dir='ltr'>ora·-</span> 
     </span>
     <span class='ocr_line' id='line_1_26' title="bbox 308 1776 1585 1846; baseline -0.001 -18"><span class='ocrx_word' id='word_1_176' title='bbox 308 1782 525 1842; x_wconf 61' lang='lat' dir='ltr'>donem,</span> <span class='ocrx_word' id='word_1_177' title='bbox 563 1797 711 1846; x_wconf 87' lang='lat' dir='ltr'>quum</span> <span class='ocrx_word' id='word_1_178' title='bbox 739 1796 857 1829; x_wconf 88' lang='lat' dir='ltr'>vera</span> <span class='ocrx_word' id='word_1_179' title='bbox 884 1778 1083 1828; x_wconf 86' lang='lat' dir='ltr'>exstaret</span> <span class='ocrx_word' id='word_1_180' title='bbox 1106 1817 1118 1838; x_wconf 82' lang='grc'>,</span> <span class='ocrx_word' id='word_1_181' title='bbox 1154 1776 1285 1843; x_wconf 82' lang='lat' dir='ltr'>cujus</span> <span class='ocrx_word' id='word_1_182' title='bbox 1320 1781 1585 1827; x_wconf 80' lang='lat' dir='ltr'>etiamnum</span> 
     </span>
     <span class='ocr_line' id='line_1_27' title="bbox 307 1846 1583 1914; baseline -0.001 -19"><span class='ocrx_word' id='word_1_183' title='bbox 307 1847 579 1914; x_wconf 79' lang='lat' dir='ltr'>fragmenta</span> <span class='ocrx_word' id='word_1_184' title='bbox 614 1849 863 1896; x_wconf 85' lang='lat' dir='ltr'>habemus.</span> <span class='ocrx_word' id='word_1_185' title='bbox 887 1846 983 1895; x_wconf 83' lang='lat' dir='ltr'>Sed</span> <span class='ocrx_word' id='word_1_186' title='bbox 1012 1846 1285 1894; x_wconf 82' lang='lat' dir='ltr'>siverarum</span> <span class='ocrx_word' id='word_1_187' title='bbox 1321 1848 1458 1910; x_wconf 85' lang='lat' dir='ltr'>copia</span> <span class='ocrx_word' id='word_1_188' title='bbox 1481 1864 1583 1894; x_wconf 88' lang='lat' dir='ltr'>non</span> 
     </span>
     <span class='ocr_line' id='line_1_28' title="bbox 308 1913 1587 1979; baseline -0.001 -16"><span class='ocrx_word' id='word_1_189' title='bbox 308 1914 364 1963; x_wconf 83' lang='lat' dir='ltr'>fit</span> <span class='ocrx_word' id='word_1_190' title='bbox 384 1954 398 1975; x_wconf 91' lang='lat'>.,</span> <span class='ocrx_word' id='word_1_191' title='bbox 429 1934 527 1965; x_wconf 91' lang='lat' dir='ltr'>non</span> <span class='ocrx_word' id='word_1_192' title='bbox 555 1916 702 1966; x_wconf 87' lang='lat' dir='ltr'>video</span> <span class='ocrx_word' id='word_1_193' title='bbox 739 1915 845 1964; x_wconf 75' lang='lat' dir='ltr'>sane</span> <span class='ocrx_word' id='word_1_194' title='bbox 866 1951 880 1973; x_wconf 85' lang='lat'><em>‚</em></span> <span class='ocrx_word' id='word_1_195' title='bbox 919 1932 999 1961; x_wconf 89' lang='lat' dir='ltr'>cur</span> <span class='ocrx_word' id='word_1_196' title='bbox 1027 1929 1218 1963; x_wconf 77' lang='lat' dir='ltr'>vetetur</span> <span class='ocrx_word' id='word_1_197' title='bbox 1250 1916 1288 1962; x_wconf 78' lang='lat' dir='ltr'>is</span> <span class='ocrx_word' id='word_1_198' title='bbox 1329 1916 1407 1979; x_wconf 84' lang='lat' dir='ltr'>qui</span> <span class='ocrx_word' id='word_1_199' title='bbox 1434 1913 1587 1962; x_wconf 79' lang='lat' dir='ltr'>histo·</span> 
     </span>
     <span class='ocr_line' id='line_1_29' title="bbox 308 1981 1585 2042; baseline -0.002 -12"><span class='ocrx_word' id='word_1_200' title='bbox 308 1985 428 2031; x_wconf 85' lang='lat' dir='ltr'>riam</span> <span class='ocrx_word' id='word_1_201' title='bbox 456 1985 610 2032; x_wconf 89' lang='lat' dir='ltr'>scribit</span> <span class='ocrx_word' id='word_1_202' title='bbox 630 2021 643 2042; x_wconf 82' lang='lat'><strong>‚</strong></span> <span class='ocrx_word' id='word_1_203' title='bbox 678 1983 779 2032; x_wconf 90' lang='lat' dir='ltr'>suas</span> <span class='ocrx_word' id='word_1_204' title='bbox 815 1984 867 2031; x_wconf 63' lang='grc' dir='ltr'>ὃς</span> <span class='ocrx_word' id='word_1_205' title='bbox 901 1983 959 2029; x_wconf 84' lang='lat' dir='ltr'>ad</span> <span class='ocrx_word' id='word_1_206' title='bbox 988 1981 1307 2030; x_wconf 86' lang='lat' dir='ltr'>excolendum</span> <span class='ocrx_word' id='word_1_207' title='bbox 1336 1982 1547 2029; x_wconf 84' lang='lat' dir='ltr'>animum</span> <span class='ocrx_word' id='word_1_208' title='bbox 1568 2018 1585 2042; x_wconf 92' lang='lat'>‚</span> 
     </span>
     <span class='ocr_line' id='line_1_30' title="bbox 310 2048 1588 2115; baseline -0.002 -16"><span class='ocrx_word' id='word_1_209' title='bbox 310 2051 363 2099; x_wconf 69' lang='grc' dir='ltr'>ὅ(</span> <span class='ocrx_word' id='word_1_210' title='bbox 380 2051 442 2099; x_wconf 80' lang='lat' dir='ltr'>ad</span> <span class='ocrx_word' id='word_1_211' title='bbox 469 2051 740 2100; x_wconf 82' lang='lat' dir='ltr'>acuendum</span> <span class='ocrx_word' id='word_1_212' title='bbox 766 2051 1011 2115; x_wconf 78' lang='lat' dir='ltr'>ingenium</span> <span class='ocrx_word' id='word_1_213' title='bbox 1033 2049 1157 2115; x_wconf 85' lang='lat' dir='ltr'>saepe</span> <span class='ocrx_word' id='word_1_214' title='bbox 1180 2048 1450 2115; x_wconf 83' lang='lat' dir='ltr'>profuturas</span> <span class='ocrx_word' id='word_1_215' title='bbox 1480 2067 1588 2097; x_wconf 85' lang='lat' dir='ltr'>ora-</span> 
     </span>
     <span class='ocr_line' id='line_1_31' title="bbox 309 2116 1584 2181; baseline -0.002 -13"><span class='ocrx_word' id='word_1_216' title='bbox 309 2118 468 2168; x_wconf 85' lang='lat' dir='ltr'>tiones</span> <span class='ocrx_word' id='word_1_217' title='bbox 504 2117 681 2168; x_wconf 80' lang='lat' dir='ltr'>offerre</span> <span class='ocrx_word' id='word_1_218' title='bbox 715 2118 912 2178; x_wconf 69' lang='lat' dir='ltr'>le&amp;ori,</span> <span class='ocrx_word' id='word_1_219' title='bbox 959 2134 1105 2181; x_wconf 79' lang='lat' dir='ltr'>quum</span> <span class='ocrx_word' id='word_1_220' title='bbox 1143 2116 1401 2181; x_wconf 82' lang='lat' dir='ltr'>praesertim</span> <span class='ocrx_word' id='word_1_221' title='bbox 1438 2117 1490 2166; x_wconf 89' lang='lat'>&amp;</span> <span class='ocrx_word' id='word_1_222' title='bbox 1535 2118 1584 2165; x_wconf 86' lang='lat' dir='ltr'>in</span> 
     </span>
     <span class='ocr_line' id='line_1_32' title="bbox 312 2182 1589 2252; baseline -0.002 -18"><span class='ocrx_word' id='word_1_223' title='bbox 312 2202 392 2234; x_wconf 90' lang='lat' dir='ltr'>eas</span> <span class='ocrx_word' id='word_1_224' title='bbox 414 2186 586 2252; x_wconf 83' lang='lat' dir='ltr'>conjici</span> <span class='ocrx_word' id='word_1_225' title='bbox 609 2186 869 2234; x_wconf 76' lang='lat' dir='ltr'>commode</span> <span class='ocrx_word' id='word_1_226' title='bbox 902 2183 1076 2250; x_wconf 82' lang='lat' dir='ltr'>possint</span> <span class='ocrx_word' id='word_1_227' title='bbox 1104 2182 1435 2250; x_wconf 72' lang='lat' dir='ltr'>sapient}ffima</span> <span class='ocrx_word' id='word_1_228' title='bbox 1456 2201 1589 2250; x_wconf 83' lang='lat' dir='ltr'>quae-</span> 
     </span>
     <span class='ocr_line' id='line_1_33' title="bbox 312 2251 1588 2319; baseline -0.002 -16"><span class='ocrx_word' id='word_1_229' title='bbox 312 2256 422 2303; x_wconf 86' lang='lat' dir='ltr'>dam</span> <span class='ocrx_word' id='word_1_230' title='bbox 446 2257 627 2303; x_wconf 86' lang='lat' dir='ltr'>monita</span> <span class='ocrx_word' id='word_1_231' title='bbox 645 2272 697 2301; x_wconf 83' lang='lat' dir='ltr'>ac</span> <span class='ocrx_word' id='word_1_232' title='bbox 717 2269 959 2319; x_wconf 82' lang='lat' dir='ltr'>praecepta</span> <span class='ocrx_word' id='word_1_233' title='bbox 983 2270 1040 2300; x_wconf 80' lang='lat' dir='ltr'>ex</span> <span class='ocrx_word' id='word_1_234' title='bbox 1062 2251 1167 2317; x_wconf 81' lang='lat' dir='ltr'>ipsis</span> <span class='ocrx_word' id='word_1_235' title='bbox 1189 2251 1420 2301; x_wconf 57' lang='lat' dir='ltr'>factorum</span> <span class='ocrx_word' id='word_1_236' title='bbox 1438 2252 1588 2300; x_wconf 79' lang='lat' dir='ltr'>visce-</span> 
     </span>
     <span class='ocr_line' id='line_1_34' title="bbox 311 2319 1585 2386; baseline -0.002 -16"><span class='ocrx_word' id='word_1_237' title='bbox 311 2323 440 2370; x_wconf 85' lang='lat' dir='ltr'>ribus</span> <span class='ocrx_word' id='word_1_238' title='bbox 476 2322 746 2378; x_wconf 85' lang='lat' dir='ltr'>nascentia,</span> <span class='ocrx_word' id='word_1_239' title='bbox 783 2338 886 2386; x_wconf 83' lang='lat' dir='ltr'>quae</span> <span class='ocrx_word' id='word_1_240' title='bbox 929 2336 1092 2368; x_wconf 85' lang='lat' dir='ltr'>tamen</span> <span class='ocrx_word' id='word_1_241' title='bbox 1139 2322 1263 2370; x_wconf 87' lang='lat' dir='ltr'>inter</span> <span class='ocrx_word' id='word_1_242' title='bbox 1297 2319 1585 2368; x_wconf 80' lang='lat' dir='ltr'>narrandum</span> 
     </span>
     <span class='ocr_line' id='line_1_35' title="bbox 313 2388 1586 2454; baseline -0.003 -16"><span class='ocrx_word' id='word_1_243' title='bbox 313 2404 527 2438; x_wconf 84' lang='lat' dir='ltr'>attexere</span> <span class='ocrx_word' id='word_1_244' title='bbox 563 2388 759 2436; x_wconf 75' lang='lat' dir='ltr'>minime</span> <span class='ocrx_word' id='word_1_245' title='bbox 798 2388 1020 2436; x_wconf 85' lang='lat' dir='ltr'>decuerat</span> <span class='ocrx_word' id='word_1_246' title='bbox 1055 2406 1069 2447; x_wconf 91' lang='lat'>;</span> <span class='ocrx_word' id='word_1_247' title='bbox 1108 2388 1158 2435; x_wconf 72' lang='grc' dir='ltr'>δι</span> <span class='ocrx_word' id='word_1_248' title='bbox 1203 2390 1433 2454; x_wconf 81' lang='lat' dir='ltr'>ingenia,</span> <span class='ocrx_word' id='word_1_249' title='bbox 1478 2403 1586 2435; x_wconf 87' lang='lat' dir='ltr'>mo-</span> 
     </span>
     <span class='ocr_line' id='line_1_36' title="bbox 313 2453 1583 2521; baseline -0.003 -15"><span class='ocrx_word' id='word_1_250' title='bbox 313 2475 422 2517; x_wconf 83' lang='lat' dir='ltr'>res,</span> <span class='ocrx_word' id='word_1_251' title='bbox 461 2459 603 2505; x_wconf 89' lang='lat' dir='ltr'>animi</span> <span class='ocrx_word' id='word_1_252' title='bbox 645 2456 821 2503; x_wconf 88' lang='lat' dir='ltr'>ducum</span> <span class='ocrx_word' id='word_1_253' title='bbox 857 2474 911 2502; x_wconf 83' lang='lat' dir='ltr'>ac</span> <span class='ocrx_word' id='word_1_254' title='bbox 950 2454 1244 2521; x_wconf 80' lang='lat' dir='ltr'>populorum</span> <span class='ocrx_word' id='word_1_255' title='bbox 1285 2456 1479 2521; x_wconf 71' lang='lat' dir='ltr'>propius</span> <span class='ocrx_word' id='word_1_256' title='bbox 1522 2453 1583 2502; x_wconf 84' lang='lat' dir='ltr'>ad</span> 
     </span>
     <span class='ocr_line' id='line_1_37' title="bbox 311 2521 1584 2588; baseline -0.003 -16"><span class='ocrx_word' id='word_1_257' title='bbox 311 2540 490 2573; x_wconf 86' lang='lat' dir='ltr'>naturae</span> <span class='ocrx_word' id='word_1_258' title='bbox 523 2525 777 2573; x_wconf 86' lang='lat' dir='ltr'>veritatem</span> <span class='ocrx_word' id='word_1_259' title='bbox 813 2525 1011 2588; x_wconf 88' lang='lat' dir='ltr'>exprimi</span> <span class='ocrx_word' id='word_1_260' title='bbox 1049 2540 1062 2582; x_wconf 88' lang='lat'>;</span> <span class='ocrx_word' id='word_1_261' title='bbox 1092 2523 1142 2570; x_wconf 87' lang='lat'>&amp;</span> <span class='ocrx_word' id='word_1_262' title='bbox 1173 2524 1291 2571; x_wconf 78' lang='lat' dir='ltr'>verb</span> <span class='ocrx_word' id='word_1_263' title='bbox 1319 2522 1464 2570; x_wconf 85' lang='lat' dir='ltr'>causae</span> <span class='ocrx_word' id='word_1_264' title='bbox 1493 2521 1584 2569; x_wconf 62' lang='lat' dir='ltr'>iliae</span> 
     </span>
     <span class='ocr_line' id='line_1_38' title="bbox 312 2590 1588 2658; baseline -0.004 -17"><span class='ocrx_word' id='word_1_265' title='bbox 312 2592 481 2658; x_wconf 79' lang='lat' dir='ltr'>quibus</span> <span class='ocrx_word' id='word_1_266' title='bbox 511 2592 753 2643; x_wconf 88' lang='lat' dir='ltr'>bellorum</span> <span class='ocrx_word' id='word_1_267' title='bbox 787 2593 954 2658; x_wconf 82' lang='lat' dir='ltr'>origo,</span> <span class='ocrx_word' id='word_1_268' title='bbox 987 2591 1038 2642; x_wconf 69' lang='grc' dir='ltr'>ὅ(</span> <span class='ocrx_word' id='word_1_269' title='bbox 1072 2591 1371 2641; x_wconf 75' lang='lat' dir='ltr'>celeberrimi</span> <span class='ocrx_word' id='word_1_270' title='bbox 1406 2590 1588 2658; x_wconf 77' lang='lat' dir='ltr'>quique</span> 
     </span>
    </p>
   </div>
  </div>
 </body>
</html>
