1653 3078
433 78 793 133 LIBER
891 80 990 134 ΙΙ.
1236 77 1338 134 161

78 155 205 206 torio
232 171 264 218 4
289 155 524 222 primipili,
544 156 811 203 centurioni
834 172 844 201 :
876 156 1008 219 quod
1028 155 1165 204 facile
1195 174 1343 222 appa·
1358 165 1549 214 U·C·259·

77 239 239 283 reret,
268 241 367 272 non
390 238 487 271 tam
517 222 577 271 ad
607 223 844 271 honorem
873 220 975 283 ejus
997 259 1011 280 ‚
1048 226 1125 270 cui
1162 226 1344 274 curatio
1361 219 1550 271 a.C.4<)3.

76 291 216 339 altior
245 289 426 358 fastigio
456 289 540 339 suo
570 289 679 337 data
709 287 825 338 esset
844 324 859 348 ‚
887 287 1086 349 fabium,
1112 289 1256 354 quam
1282 291 1343 341 ad

75 357 320 420 consulum
353 359 687 425 ignominiam.
731 356 912 406 Saevire
956 355 1067 404 inde
1116 371 1135 420 5
1178 358 1343 421 utique

49 430 53 432 ’
75 425 322 474 consulum
344 427 461 474 alter
480 462 495 485 ,
522 424 773 490 Patresque
796 441 809 482 ;
840 423 920 472 sed
945 422 1074 488 plebi
1094 440 1345 473 creverant

74 494 259 553 animi,
296 494 348 541 &
378 492 523 560 longe
558 492 648 540 alia
680 491 823 557 quam
856 491 1012 556 primo
1050 488 1343 540 instituerant

73 559 149 608 via
174 558 508 624 graffabantur.
541 559 817 625 Desperato
843 560 968 606 enim
994 557 1242 606 consulum
1265 558 1345 606 se·-

72 625 302 693 natfisque
335 629 508 676 auxilio
528 664 543 686 ,
578 643 723 692 quum
745 628 791 673 in
816 623 888 688 jus
926 626 1034 674 duci
1069 625 1342 675 debitorem

72 693 293 742 vidissent
317 732 332 754 ,
363 696 571 760 undique
593 693 950 752 convolabant3
983 710 1141 759 neque
1167 693 1344 742 decre-

71 774 173 809 tum
210 762 422 810 exaudiri
449 760 649 811 consulis
678 779 775 826 prae
806 759 1000 826 strepitu
1042 762 1094 810 &
1130 761 1343 812 clamore

34 876 37 879 .
71 842 263 893 poterat
297 847 308 878 :
359 847 551 896 neque,
601 846 748 894 quum
793 826 1055 888 decresset,
1096 828 1343 894 quisquam

74 896 456 962 obtemperabat.
499 895 566 943 Vi
600 898 828 962 agebatur
853 933 866 955 ‚
902 895 1150 962 metusque
1181 899 1342 946 omnis

75 963 129 1011 &
160 965 422 1027 periculum
461 963 490 1013 6
523 963 750 1011 libertatis
771 1000 786 1022 ,
824 960 970 1028 quum
1006 967 1053 1012 in
1085 964 1342 1030 conspeEffl

70 1031 274 1080 consulis
304 1030 473 1097 singuli
496 1049 522 1079 a
556 1031 769 1095 pluribus
791 1031 1087 1080 violarentur
1111 1069 1126 1092 ‚
1156 1034 1203 1080 in
1237 1050 1343 1082 cre-

72 1098 253 1147 ditores
285 1117 310 1147 a
335 1097 630 1148 debitoribus
651 1113 878 1148 verterat.
904 1097 1057 1164 Super
1075 1100 1174 1148 haec
1195 1102 1345 1150 timor

70 1164 253 1215 inceffit
273 1165 438 1215 Sabini
455 1167 568 1216 belli
589 1183 599 1213 z
620 1165 902 1233 deleetuque
920 1166 1118 1216 decreto
1143 1206 1156 1225 ,
1188 1186 1340 1218 nemo

68 1250 252 1283 nomen
284 1234 418 1282 dedit
452 1272 467 1295 ,
512 1232 700 1282 furente
742 1233 946 1300 Appio,
985 1235 1035 1282 &
1082 1234 1342 1286 inseEtante

67 1317 100 1364 7
131 1302 448 1351 ambitionem
490 1302 689 1368 collegae
711 1339 726 1362 ,
773 1303 855 1368 qui
895 1302 1117 1368 populari
1151 1302 1339 1353 filentio

72 1370 415 1435 rempublicam
449 1369 680 1435 proderet
700 1407 715 1430 ‚
753 1369 806 1418 &
836 1370 897 1418 ad
922 1370 969 1417 id
999 1370 1130 1436 quod
1164 1371 1223 1420 de
1244 1388 1343 1421 cre-

70 1436 166 1484 dita
197 1440 398 1502 pecunia
428 1434 501 1499 jus
529 1456 628 1486 non
649 1436 864 1497 dixisset,
898 1435 1128 1500 adjiceret
1149 1477 1166 1497 ,
1200 1455 1250 1488 ut
1277 1456 1340 1489 ne

70 1500 304 1554 deleRum
340 1505 533 1570 quidem
576 1523 635 1554 ex
676 1505 1076 1555 senatusconsulto
1122 1507 1343 1558 haberet.

71 1574 182 1620 Non
221 1570 300 1637 effe
328 1589 473 1621 tamen
511 1571 715 1636 desertam
761 1576 940 1621 omnino
972 1575 1284 1639 rempublicam
1314 1614 1338 1635 ,

67 1658 206 1705 neque
231 1640 470 1708 projet‘lrrm
499 1639 728 1705 confidam
752 1643 997 1708 imperium.
1034 1644 1093 1690 Se
1118 1661 1254 1690 unum
1291 1644 1337 1692 δ’

62 1738 286 1797 suscipere]¹
310 1743 552 1791 Ceiebrarffi
576 1759 674 1795 prae·

68 1803 178 1844 sente
194 1805 232 1845 ὃ(
246 1817 453 1859 praeeunte
467 1805 672 1858 pontifice,

71 1866 250 1918 quaedam
287 1867 390 1906 sacra
425 1868 670 1921 auspicanda:

69 1926 161 1967 huic
200 1928 361 1982 collegii
402 1942 669 1969 mercatorum

66 1986 320 2028 institutioni.

94 2093 97 2096 ,
128 2063 156 2098 4
189 2049 387 2105 Primipili
418 2051 667 2105 centurioni]

68 2105 452 2166 Ptitnipilicenturio
471 2124 555 2152 erat
573 2126 670 2152 cen-

70 2171 177 2211 turio
242 2173 356 2226 primi
420 2173 669 2214 Triariorum

70 2232 221 2273 ordinis
248 2262 262 2280 ,
310 2235 492 2289 adeoque
522 2236 670 2289 primus

69 2293 196 2333 totius
243 2295 410 2350 legionis
466 2297 667 2338 centurio.

67 2351 205 2406 Hujus
239 2370 378 2409 magna
407 2369 493 2398 erat
533 2360 672 2413 digna-

68 2415 143 2456 tio.
171 2415 331 2458 Consilii
347 2420 548 2474 pai-‚ticeps
566 2431 669 2461 erat.

68 2476 229 2530 Aquilae
290 2490 375 2519 erat
423 2481 671 2536 praepositus.

69 2536 298 2580 Dicebatur
317 2541 502 2596 primipili
532 2557 672 2584 centu·

70 2599 133 2641 rio
153 2628 168 2647 ,
203 2601 308 2657 quasi
338 2603 522 2648 centurio
556 2605 675 2662 primi

737 1745 885 1786 ordinis
911 1745 1153 1797 Pilanorurn.
1193 1746 1344 1788 Triarii

736 1808 839 1847 enim
856 1835 866 1854 ,
896 1808 984 1860 quia
1005 1807 1224 1860 antiquitus
1241 1822 1342 1860 pro-

734 1871 860 1922 prium
883 1869 1053 1920 ipsorum
1077 1870 1200 1908 telum
1215 1870 1340 1922 pilum

735 1941 820 1969 erat
849 1958 859 1976 ‚
903 1929 1026 1970 Pilani
1071 1932 1339 1975 vocabantur.

734 1991 833 2033 Vid.
857 1991 958 2032 infra
989 1991 1091 2033 Vm
1111 2021 1120 2033 ,
1142 1992 1184 2031 8,

800 2065 814 2100 5
838 2051 981 2107 Utique
995 2049 1190 2105 consulum
1205 2053 1336 2108 alter]

734 2112 911 2154 Maxime
949 2114 1154 2155 consulum
1192 2117 1294 2155 alter
1323 2144 1338 2164 ,

734 2189 876 2230 nempe
897 2176 1049 2229 Appius
1070 2190 1080 2216 z
1100 2190 1189 2216 nam
1204 2177 1343 2217 Servi-

734 2237 807 2279 lius
856 2237 1014 2279 mollitis
1052 2238 1341 2279 contumeliam

733 2298 904 2338 ferebat.

796 2360 821 2399 6
854 2360 1066 2401 Libertatis
1086 2361 1107 2414 ]
1134 2360 1235 2402 Haec
1253 2374 1342 2403 vox

734 2413 894 2462 videtur
924 2423 1155 2463 resecanda.

797 2497 823 2531 7
840 2483 1101 2524 Ambitionem
1112 2483 1131 2535 ]
1164 2480 1344 2523 Nimium

735 2544 1011 2600 indulgentem
1032 2546 1184 2599 populo
1204 2544 1345 2587 molli.-

735 2606 851 2650 tiem-

984 2662 1008 2712 Ι
1039 2680 1074 2715 v
