1704 3073
345 129 423 187 70
627 110 680 169 T
724 128 744 168 1
787 128 827 168 T
871 130 892 168 1
996 114 1052 170 L
1089 129 1108 168 1
1154 129 1198 167 v
1243 128 1264 169 1
1312 129 1335 169 1

341 193 447 258 gine
484 192 647 240 Numae
676 191 770 258 effi.
818 192 974 242 Facile
1011 192 1299 260 pexsuadet‚
1348 205 1402 241 ut
1440 189 1627 258 cupido

344 261 585 308 honorum
619 298 635 319 ‚
675 264 727 308 ὃ(
774 264 847 308 cui
886 260 1137 328 Tarquinii
1177 276 1396 310 materna
1433 263 1626 307 tantum

344 329 499 393 patria
523 327 653 377 esset.
682 327 887 376 Sublatis
911 331 1072 395 itaque
1092 329 1234 377 rebus
1254 366 1267 388 ‚
1303 331 1626 393 commigrant

346 394 576 444 Romam.
609 395 691 443 Ad
717 394 985 444 Ianiculum
1014 395 1140 445 forte
1167 414 1367 446 ventum
1393 402 1525 454 era't3
1555 395 1626 442 ibi

350 465 394 513 ei
415 478 647 528 carpento
674 463 855 511 sedenti
877 481 985 512 cum
1008 481 1160 520 uxore
1178 501 1193 523 ‚
1224 464 1380 530 aquila
1396 461 1629 528 suspensis

350 532 546 579 demifl'a
591 531 762 579 leniter
799 533 881 579 alis
928 532 1108 598 pileum
1144 532 1298 580 aufert
1331 551 1341 580 z
1386 531 1629 597 superque

348 615 631 664 carpentum
692 616 799 646 cum
851 616 1032 666 magno
1085 600 1311 666 clangore
1355 600 1569 647 volitans
1607 635 1623 657 ‚

346 667 498 715 rursus
518 704 533 726 ‚
558 665 694 715 velut
722 666 979 716 ministerio
1015 668 1241 717 divinitus
1281 666 1411 715 miffa
1435 703 1448 723 ,
1482 667 1630 733 capiti

346 736 459 799 apte
483 737 672 799 reponit
697 755 708 784 ε
737 735 850 783 inde
880 734 1089 784 sublimis
1124 737 1259 784 abiit.
1286 733 1539 800 Accepiffe
1574 733 1626 782 id

344 803 593 868 augurium
639 802 747 850 laeta
786 803 956 851 dicitur
1003 803 1288 870 Tanaqui13
1332 806 1521 868 perita,
1571 815 1626 850 ut

346 871 496 936 vulgo
518 869 738 929 Etrusci,
769 870 1027 919 coelestium
1063 873 1400 938 prodigiorum
1435 869 1626 919 mulier.

346 935 543 986 Excelsa
565 938 613 985 ὃ(
641 938 732 986 alta
761 938 947 1004 sperare
984 943 1241 1005 complexa
1265 941 1424 986 virum
1458 936 1631 1000 jubet:

349 1005 380 1054 6
404 1007 525 1053 Eam
553 1006 706 1053 alitem
725 1044 742 1064 ‚
778 1007 830 1054 ed
853 1011 1024 1073 regione
1047 1009 1145 1056 coeli
1166 1046 1184 1066 2
1220 1008 1263 1056 ἃ
1292 1005 1389 1073 ejus
1415 1008 1486 1053 dei
1509 1024 1626 1054 nun—

348 1075 460 1121 tiam
484 1070 680 1135 venzſjh;
713 1076 831 1122 circa
850 1075 1072 1137 summum
1105 1076 1278 1123 culmen
1308 1076 1505 1122 hominis
1539 1091 1625 1121 au-

339 1139 537 1208 spicium
562 1140 719 1206 ftciff}
737 1160 758 1201 9·
789 1142 952 1207 levaſj}
982 1145 1177 1192 humano
1203 1142 1527 1212 siffetpofitum
1551 1159 1630 1187 ca-

342 1211 437 1275 pitz·
464 1212 632 1268 decus,
661 1225 709 1256 ut
738 1212 963 1259 divinitus
994 1214 1132 1259 eidem
1162 1213 1363 1258 redderet.
1398 1209 1499 1257 Has
1521 1210 1625 1274 spes

348 1277 760 1344 cogitationesque
800 1278 959 1326 secum
995 1293 1243 1345 portantes
1271 1315 1286 1337 ‚
1334 1279 1506 1325 urbem
1551 1279 1626 1324 in-

350 1343 489 1410 greffi
520 1344 655 1404 sunt,
692 1346 1040 1413 domicilioque
1078 1348 1145 1394 ibi
1180 1360 1464 1411 comparato
1502 1381 1517 1404 ,
1566 1344 1623 1394 L.

351 1412 670 1478 Tarquinium
700 1430 730 1475 7
759 1413 966 1463 Priscum
991 1433 1171 1464 nomen
1196 1415 1408 1463 edidere.
1440 1413 1546 1462 Jam
1570 1413 1623 1460 &

350 1479 589 1529 Romanis
627 1481 939 1548 conspicuum
978 1500 1087 1532 eum
1119 1485 1308 1531 novitas
1344 1483 1624 1547 divitiaeque

349 1547 622 1597 faciebant:
654 1550 707 1598 &
741 1550 840 1616 ipse
877 1569 1071 1618 quoque
1095 1550 1337 1600 fortunam
1360 1588 1374 1611 ,
1408 1550 1625 1616 benigno

350 1617 567 1683 alloquio
588 1654 602 1677 ‚
639 1621 868 1668 comitate
899 1619 927 1668 8
953 1620 1186 1669 invitandi
1217 1655 1231 1678 ‚
1283 1615 1625 1683 beneficiisque

348 1703 472 1751 quos
494 1700 686 1750 poterat
714 1684 797 1734 fibi
826 1687 1132 1736 conciliando
1157 1724 1172 1748 ‚
1205 1683 1461 1749 adjuvabat
1489 1703 1500 1734 t
1535 1686 1628 1733 do-

348 1769 440 1802 nec
467 1755 513 1800 in
541 1754 724 1819 regiam
752 1771 948 1822 quoque
983 1757 1042 1805 de
1077 1773 1138 1804 eo
1172 1753 1298 1803 fama
1325 1754 1508 1819 perlata
1540 1751 1626 1812 est3

346 1822 669 1888 notitiamque
700 1840 806 1870 earn
835 1825 999 1885 brevi,
1034 1823 1163 1890 apud
1189 1839 1354 1889 regem
1391 1836 1420 1886 9
1455 1820 1627 1870 libera·

348 1925 481 1956 autem
509 1916 655 1956 curui-is
684 1918 929 1972 magistratus
943 1949 961 1969 2,

349 1977 433 2017 vid,
466 1976 506 2016 in
528 1988 615 2018 not.
642 1990 699 2029 5,
733 1981 782 2018 ad
817 1994 853 2020 c..
885 1993 910 2032 7
943 2008 955 2029 ,

415 2100 440 2139 6
476 2099 648 2141 Eam...
681 2101 798 2141 elim.
833 2100 911 2154 ejus
939 2103 956 2155 ]

351 2159 431 2201 Per
445 2161 727 2214 epiphonema.
742 2163 892 2216 Magn&
905 2163 960 2203 illi

351 2223 573 2277 portendi,
603 2222 681 2262 sxve
717 2223 961 2276 spefkaretur

354 2297 403 2324 ea
424 2284 507 2324 ales
544 2298 630 2337 quae
664 2285 874 2337 auspicium
896 2286 960 2326 fe-

356 2344 496 2392 ciffet,
529 2343 606 2384 five
641 2359 685 2385 ea
722 2348 833 2400 regio
867 2350 959 2387 coeii

354 2406 461 2447 unde
476 2406 640 2446 veniiset
659 2434 670 2453 ‚
691 2406 769 2447 five
790 2409 820 2448 is
842 2411 958 2454 deus,

354 2482 500 2522 nempe
517 2467 673 2522 Jupiter
693 2496 704 2517 ,
727 2470 840 2525 cujus
859 2485 961 2511 nun-

357 2529 413 2570 tia
438 2528 553 2569 esset.

352 2585 353 2589 ¹
417 2604 442 2642 7
459 2588 630 2645 Priscum
644 2591 663 2644 J
679 2590 862 2647 Sigonius
880 2594 960 2634 exi-

357 2649 483 2693 ?Etimat
515 2654 729 2695 delendam
753 2654 831 2696 effe
857 2656 960 2697 hanc

1020 1931 1180 1957 vocem.
1206 1914 1344 1970 Longe
1365 1915 1468 1954 enim
1490 1912 1630 1954 verifi-

1021 1980 1151 2020 milius
1178 1977 1254 2018 esse
1287 1987 1401 2031 putat
1418 2007 1436 2026 ‚v
1455 1975 1635 2028 Tarqui·

1020 2041 1129 2080 nium
1172 2054 1252 2079 non
1304 2038 1635 2093 cognominatum

1023 2101 1133 2141 fuiffe
1155 2100 1329 2140 Priscum
1353 2127 1363 2147 ,
1396 2098 1461 2138 nisi
1494 2098 1635 2138 multis

1022 2163 1108 2217 post
1129 2163 1240 2202 annis
1255 2189 1265 2209 ‚
1290 2172 1332 2200 ut
1360 2175 1380 2199 a
1410 2160 1594 2213 Superbo
1615 2186 1628 2207 ‚

1024 2225 1089 2279 qui
1111 2222 1499 2281 eodemnomineffic
1525 2235 1629 2274 ptae-

1023 2285 1186 2326 nomine
1221 2294 1307 2324 erat
1329 2312 1340 2330 ‚
1369 2282 1636 2338 distinguere-

1023 2359 1102 2388 tur.
1120 2349 1253 2401 Atque
1272 2346 1326 2386 ita
1347 2344 1483 2385 censet
1499 2343 1630 2384 Dion.

1087 2471 1110 2511 8
1131 2467 1369 2521 Invitandi]
1395 2468 1552 2520 Nempe
1581 2465 1637 2507 ad:

1025 2546 1177 2573 coenam
1195 2560 1207 2577 ‚
1228 2532 1276 2571 ad
1305 2530 1457 2583 epuias.

1086 2605 1110 2645 9
1132 2592 1371 2633 Liberaliter
1387 2588 1593 2644 dextre'que
1609 2588 1627 2641 ]
1699 2587 1702 2594 ’

1025 2655 1084 2696 ΕΟ
1105 2654 1226 2696 modo
1252 2653 1318 2708 qui
1344 2652 1391 2694 ὅ(
1413 2652 1637 2708 ingenuum.
