1653 3078
394 122 1039 191 PEch11s‚&c;
1222 125 1422 202 xxxj,

84 205 239 254 brales
268 206 316 253 in
344 204 483 252 libras
520 205 620 252 aeris
649 201 878 252 nostrates
912 202 1088 251 red-affl
1111 241 1125 263 ,
1161 208 1294 271 quod
1326 225 1353 256 a

85 271 289 334 Dujatio
319 271 493 320 facium
525 269 592 320 est
615 308 629 331 ‚
659 270 811 319 fallaci
854 271 993 319 nobis
1030 271 1185 336 specie
1226 275 1355 322 divi-

83 343 254 388 tiarum
277 341 586 404 imponerent
604 376 619 398 ‚
652 338 702 387 &
731 338 1016 387 haberentur
1049 358 1075 386 a
1098 340 1238 386 nobis
1260 359 1351 404 pro

83 407 228 473 longe
259 406 445 471 majore
477 405 695 466 summa,
724 406 866 472 quam
897 408 1059 472 quanti
1101 423 1127 453 a
1159 404 1354 454 Roma-

82 476 153 522 nis
179 475 246 522 illi
267 475 568 526 taxabantun
585 472 751 540 Itaque
771 473 1043 521 faciendum
1073 472 1221 521 visum
1249 473 1314 521 est
1340 511 1355 534 ‚

82 556 133 590 ut
153 560 215 589 aes
237 560 335 590 non
363 545 409 591 in
431 542 476 591 se
492 580 505 603 ,
535 541 615 590 sed
642 542 802 590 habita
821 543 1003 607 argenti
1022 541 1208 590 ratione
1230 543 1353 590 aesti-
1428 545 1512 585 Sec!

83 626 357 668 maremu53
388 610 439 658 ὃ(
466 647 480 670 ,
516 609 650 675 quod
693 610 737 656 ei
786 608 846 656 ad
888 624 1139 675 argentum
1170 609 1351 658 collato
1366 606 1520 674 lmbicae·

80 678 289 741 pretium
319 676 528 727 Romani
561 675 816 724 statuerant
836 713 850 736 ,
884 676 931 724 id
963 679 1011 724 in
1045 677 1242 737 marcis,
1267 680 1519 739 un-“sgfffl‘

82 745 191 802 ciis,
224 744 322 793 &c.
354 744 536 811 argenti
565 742 894 791 Parifienfibus
928 743 1258 793 redderemus·
1365 741 1536 769 rasione,

149 809 243 858 Hic
265 828 425 877 operae
446 811 649 876 pretium
678 808 770 859 effe
790 810 1005 858 ducimus
1035 811 1246 860 tabulam
1270 829 1356 861 ex-

80 875 245 927 hibere
271 880 479 927 indicem
505 876 776 943 ponderum
810 895 1217 944 nummorumque
1247 897 1357 928 ma-

80 945 209 993 xime
239 944 515 994 usitatorum
542 944 669 1011 apud
699 958 892 994 veteres
922 963 1031 993 cum
1058 946 1357 1011 ponderibus

80 1010 363 1061 nostratibus
401 1012 703 1061 collatorum.
737 1011 889 1061 Fuere
921 1030 1039 1080 ergo
1073 1015 1215 1063 nobis

149 1078 292 1128 Libra
312 1080 534 1129 Romana
558 1080 610 1130 ὅ(
628 1082 757 1128 mina
779 1080 940 1130 Attica
959 1118 975 1143 ‚
999 1084 1244 1132 unciarum
1264 1082 1356 1133 Pa·
1397 1091 1560 1134 Indicu-

82 1151 339 1203 tlslenfium
369 1170 425 1201 12
463 1153 514 1218 -ἓ,
1365 1155 1426 1195 lus
1445 1170 1542 1210 pon-

152 1225 309 1279 Uncia
335 1226 555 1275 Romana
573 1263 588 1284 ,
615 1244 873 1292 granorum
899 1226 1011 1279 600.
1354 1219 1498 1256 ‘derum

151 1290 393 1342 Denarius
410 1332 423 1352 ,
449 1312 702 1360 granorum
729 1311 811 1356 72.
1366 1292 1534 1318 nummo·

148 1357 396 1408 Drachma
425 1379 509 1427 par
532 1361 745 1409 censetur
771 1363 985 1413 denario.
1365 1354 1536 1439 '‘2quss

152 1426 416 1491 Quinarius
436 1466 450 1489 ‚
479 1446 738 1495 granorum
770 1431 847 1493 36.
1365 1415 1563 1500 :xngm's

151 1493 433 1555 Sestertius‚
467 1514 723 1563 granorum
758 1497 833 1546 18.
1362 1524 1549 1576 ponderi-

151 1560 425 1612 Sestertium
447 1601 460 1623 ‚
486 1564 585 1612 five
610 1566 740 1613 mille
774 1564 1052 1626 nummum,
1084 1583 1352 1616 marcarum
1366 1583 1432 1623 bus
1468 1584 1563 1633 ἂμ,

81 1633 268 1696 argenti
309 1646 370 1695 3,
410 1634 652 1680 unciarum
686 1649 750 1695 7,
791 1652 1049 1699 granorum
1086 1650 1196 1695 144.
1367 1658 1490 1685 mato·

152 1697 415 1747 Talentum
449 1699 666 1748 Atticum
685 1738 702 1759 ,
751 1719 1015 1750 marcarum
1055 1705 1234 1771 argenti
1258 1717 1317 1768 93
1337 1722 1469 1762 ματη.

81 1766 326 1814 unciarum
363 1768 410 1815 6.

151 1832 255 1893 As,
296 1834 520 1899 quamdiu
555 1834 667 1883 deni
698 1835 973 1896 denarium,
1011 1838 1111 1886 bini
1142 1856 1251 1887 cum
1279 1837 1358 1888 se-

82 1899 216 1949 rniss'e
242 1900 500 1950 sestertium
529 1902 848 1953 conficiebant
873 1943 887 1964 ‚
920 1904 1170 1953 aestimatus
1208 1925 1233 1954 a
1267 1925 1360 1955 no-

82 1972 153 2020 bis
182 1974 247 2023 est
283 1978 437 2042 granis
470 1979 676 2043 argentis
700 1995 731 2041 7
753 1979 811 2051 ξς
834 1980 1147 2047 posteaquam
1163 1980 1358 2031 senide-

81 2049 131 2095 ni
163 2051 209 2097 in
232 2049 478 2098 denarium
498 2089 512 2111 ,
546 2061 761 2116 quaterni
789 2059 836 2106 in
868 2056 1128 2107 sestertium
1148 2056 1359 2124 conjecii

81 2125 213 2187 sunt,
235 2128 390 2193 granis
413 2130 597 2193 argenti
628 2145 660 2188 4
683 2128 731 2193 {-

150 2210 232 2260 AEs
266 2226 412 2274 grave
440 2210 498 2256 ad
535 2209 647 2259 asses
681 2211 844 2261 referri
877 2213 1076 2264 constat.
1107 2214 1202 2265 Sed
1232 2232 1357 2281 quo-
1430 2226 1510 2268 AEs

81 2293 195 2325 nam
225 2278 382 2341 pretio
428 2278 545 2325 illud
595 2277 857 2329 finiendum
893 2281 982 2343 fit,
1013 2284 1105 2331 hoc
1137 2284 1257 2331 vero
1295 2283 1500 2346 adgrave-

69 2343 314 2408 liquidum
348 2345 612 2409 perducere
638 2349 761 2395 haud
791 2349 938 2398 facilis
964 2366 1042 2398 aut
1074 2351 1356 2417 perfunclo-

81 2412 162 2459 riae
194 2429 353 2476 operae
380 2411 462 2461 est.
485 2411 609 2463 Rem
644 2433 743 2464 non
777 2418 1083 2484 indiligenter
1117 2419 1357 2483 expendi-

81 2495 187 2526 mus
221 2480 270 2526 in
304 2478 592 2545 Appendice
621 2485 673 2531 de
701 2487 814 2533 AEre
841 2489 1010 2553 gravi,
1043 2503 1101 2535 ex
1133 2503 1226 2552 qua
1254 2487 1355 2535 haec

83 2547 283 2613 paucula
315 2551 628 2614 excerpimus.

157 2618 224 2676 Γ).
269 2614 390 2663 AEris
428 2619 586 2683 gravis
619 2620 884 2687 appellatio
930 2635 1034 2669 tum
1082 2633 1193 2669 nata
1246 2617 1348 2684 est,

955 2703 1083 2755 Biv
