1704 3073
313 136 427 190 114
592 108 859 184 Ti'rl
959 88 1401 172 LIV11x

302 213 447 247 cerat.
498 194 625 263 Ergo
658 212 717 244 ex
753 195 976 245 omnibus
1018 196 1137 246 locis
1170 195 1298 245 urbis
1333 196 1380 245 in
1420 195 1585 248 forum

302 267 518 315 curritur.
564 263 687 329 Quo
739 264 874 312 simul
908 279 1111 314 ventum
1149 263 1215 314 est
1248 302 1262 325 ‚
1315 282 1476 330 praeco
1521 266 1584 316 ad
1652 288 1669 313 ς

306 351 337 382 2
375 333 617 382 tribunum
655 331 920 391 Celerum,
959 333 1007 380 in
1033 351 1134 399 quo
1163 348 1266 381 tum
1311 333 1586 399 magistratu

302 399 431 451 forte
448 400 619 450 Brutus
640 415 741 448 erat
759 436 775 460 ‚
803 398 1042 465 populum
1067 400 1344 451 advocavit.
1375 400 1447 449 Ibi
1472 420 1586 450 ora·
1644 462 1647 466 ¹

303 470 375 519 tio
405 469 567 517 habita
592 506 607 527 ‚
645 484 950 534 nequaquam
986 466 1089 531 ejus
1136 468 1342 533 pectoris
1380 471 1595 537 ingenii-.

304 555 399 604 que
421 575 435 598 ‚
460 537 594 602 quod
628 535 895 584 simulatum
919 535 978 583 ad
999 552 1106 584 eam
1133 536 1263 586 diem
1295 536 1448 586 fuerat
1475 575 1489 598 ,
1521 538 1585 586 de

301 608 353 655 vi
390 623 442 653 ac
479 605 677 653 libidine
710 602 843 652 Sexti
875 602 1162 670 Tarquinii,
1197 604 1259 653 de
1301 603 1464 671 stupro
1504 606 1584 653 in-
1654 626 1658 629 ·

300 673 452 722 fando
476 673 711 721 Lucretiae
735 672 786 719 &
813 671 1066 720 miserabili
1085 672 1217 721 caede
1237 710 1253 732 ‚
1287 672 1349 721 de
1372 673 1586 723 orbitate

302 740 609 807 Tricipitini,
648 741 722 787 cui
755 755 912 788 morte
941 737 1049 788 filiae
1086 740 1223 788 causa
1256 743 1421 790 mortis
1450 741 1582 790 indi-

300 811 440 876 gnior
457 827 509 857 ac
530 807 839 857 miserabilior
855 807 993 867 effet3
1023 808 1184 857 addita
1203 809 1422 874 superbia
1440 808 1584 874 ipsius

303 878 464 945 regis,
502 875 796 942 miseriaeque
833 875 884 924 &
932 877 1123 925 labores
1162 877 1315 941 plebis
1353 879 1401 925 in
1440 876 1580 926 foffas

301 944 582 1011 cloacasque
607 943 952 993 exhauriendas
977 945 1223 993 demersae.
1251 948 1487 994 Romanos
1504 946 1583 993 ho-

301 1016 445 1062 mines
461 1051 478 1072 ,
504 1015 689 1062 viffores
708 1014 906 1060 omnium
928 1014 1047 1060 circa*
1060 1013 1335 1079 populorum
1351 1051 1369 1072 ‚
1395 1013 1582 1078 opifices

299 1100 363 1129 ac.
376 1082 608 1147 lapicidas
622 1099 707 1148 pro
737 1080 1024 1128 bellatoribus
1033 1079 1202 1147 f'aflos.
1243 1079 1446 1148 Indigna
1468 1080 1580 1130 Ser-

298 1150 367 1199 vii
391 1149 556 1198 Tullii
595 1150 720 1216 regis
762 1162 1030 1196 memorata
1065 1149 1220 1198 caedes
1245 1186 1260 1208 ‚
1296 1150 1349 1198 ὃς
1391 1148 1581 1198 invecta

295 1220 494 1284 corpori
514 1220 658 1283 patris
681 1215 895 1265 nefando
916 1217 1143 1270 vehiculo
1167 1215 1264 1265 filia
1285 1234 1296 1263 ε
1321 1232 1343 1280 3
1377 1217 1581 1267 invoca-

295 1288 430 1352 tique
450 1287 629 1334 ultores
650 1300 904 1351 parentum
929 1284 1007 1332 dii.
1030 1284 1118 1334 His
1137 1285 1548 1351 atrocioribusque
1563 1323 1580 1346 ,

294 1353 442 1402 credo
463 1392 477 1414 ,
510 1353 610 1401 aliis
631 1391 646 1412 ‚
690 1371 721 1413 4
763 1370 872 1419 quae
895 1351 1098 1418 praesens
1128 1371 1285 1402 rerum
1323 1354 1582 1420 indignitas

294 1422 670 1488 haudquaquam
692 1421 843 1470 relatu
871 1420 1172 1486 scriptoribus
1193 1421 1346 1470 facilia
1365 1421 1579 1485 subjicit,

296 1492 578 1539 memoratis
604 1527 619 1549 ,
660 1488 901 1538 incensam
934 1489 1291 1539 multitudinem
1327 1491 1534 1555 perpulit
1561 1527 1577 1549 ‚

297 1572 351 1606 ut
385 1559 639 1623 imperium
676 1559 777 1624 regi
819 1557 1073 1624 abrogaret
1108 1595 1123 1618 ‚
1169 1557 1443 1624 exsulesque
1483 1557 1579 1607 esse

296 1624 489 1691 juberet
524 1624 578 1675 L.
610 1622 926 1693 Tarquinium
950 1642 1058 1673 cum
1084 1624 1293 1694 conjuge
1321 1644 1375 1674 ac
1396 1626 1576 1676 liberis.

294 1692 403 1760 Ipse
444 1692 708 1759 junioribus
740 1732 755 1755 ,
808 1695 890 1760 qui
930 1694 1054 1742 ultro
1097 1696 1295 1743 nomina
1341 1694 1518 1742 dabant
1559 1731 1575 1754 ‚

294 1761 428 1811 lestis
461 1762 743 1828 armatisque
761 1798 777 1822 ‚
810 1762 870 1810 ad
901 1762 1242 1811 concitandum
1270 1762 1381 1811 inde
1402 1762 1577 1811 adver-

298 1833 377 1880 sus
424 1848 590 1898 regem
634 1831 933 1890 exercitum,
971 1830 1185 1879 Ardeam
1225 1833 1273 1879 in
1320 1828 1466 1879 castra
1511 1828 1579 1879 est

297 1898 575 1966 profectu53
598 1900 855 1965 imperium
875 1900 922 1946 in
961 1899 1079 1947 urbe
1108 1899 1330 1948 Lucretio
1352 1935 1367 1959 ‚
1396 1915 1415 1964 5
1447 1917 1577 1964 prae-

362 1999 388 2026 2
435 1984 644 2026 Tribunum
684 1986 903 2039 Celerum]

297 2045 537 2087 Praei‘ectum
573 2048 753 2102 equitum
806 2061 905 2102 quos

296 2109 348 2148 ad
380 2109 593 2149 custodiam
634 2109 814 2164 corporis
851 2110 906 2149 sui

296 2169 571 2225 Tarquinius,
603 2172 792 2224 exemplo
824 2171 905 2211 Ro-

297 2233 394 2272 muli
419 2260 430 2280 ,
471 2233 694 2288 delegerat.
720 2233 798 2273 Hic
823 2246 904 2272 non

295 2292 403 2334 inter
435 2295 559 2334 duces
597 2294 787 2334 militares
822 2308 904 2334 rno-

300 2354 382 2402 do,
426 2354 491 2395 sed
520 2357 561 2397 ὃς
593 2357 697 2395 inter
729 2358 905 2396 urbanos

296 2416 545 2472 magistratus
565 2446 575 2464 ,
606 2427 650 2456 ut
671 2429 833 2470 apparet
858 2431 906 2456 ex

298 2477 381 2519 hoc
428 2479 558 2526 loco,
604 2480 903 2518 numerabatur.

299 2540 368 2581 De
397 2540 611 2581 Celei-ibus
642 2540 727 2581 vid.
760 2539 872 2593 supra
891 2567 903 2587 ,

301 2615 339 2642 c.
376 2613 445 2650 15.

363 2674 384 2715 3
423 2662 679 2718 [avocarique
709 2662 723 2716 J
760 2662 810 2702 Et
848 2662 904 2701 in·

970 1986 1106 2026 vocati
1140 1986 1228 2026 sunt
1261 2000 1280 2025 a
1316 1986 1443 2026 Bruto
1483 1999 1578 2039 per-

970 2058 1128 2088 orante.

1030 2121 1060 2159 4
1094 2108 1189 2167 Quae
1222 2105 1424 2162 praesens]
1472 2106 1578 2161 Quae

970 2170 1146 2225 suggerit
1214 2170 1260 2210 iis
1309 2170 1377 2224 qui
1436 2170 1477 2209 in
1533 2185 1578 2210 re

968 2233 1153 2286 praesenti
1183 2232 1271 2271 sunt
1296 2231 1507 2286 indignitas
1535 2232 1576 2272 δε

969 2305 1160 2334 atrocitas
1198 2307 1328 2332 rerum
1364 2307 1577 2333 incurrens

969 2355 1010 2395 in
1047 2357 1188 2395 oculos
1227 2369 1239 2400 ;
1274 2355 1339 2395 sed
1371 2369 1458 2408 (μω)
1480 2356 1576 2394 scri-

969 2417 1150 2470 ptoribus
1182 2415 1267 2470 post
1292 2418 1452 2470 longum
1471 2428 1577 2455 ‘tem-

970 2479 1076 2531 poris
1108 2479 1362 2518 intervallum
1387 2492 1467 2517 non
1487 2478 1577 2518 sunt

969 2542 1097 2580 relatu
1122 2540 1268 2579 facilia.

1036 2612 1051 2647 ς
1079 2599 1266 2654 Pra'fefio
1299 2599 1434 2652 urbis]
1473 2598 1576 2639 Prae·

970 2661 1095 2702 festus
1116 2664 1222 2704 urbis
1250 2662 1307 2703 his
1327 2661 1581 2715 temporibus
