1622 3073
768 63 797 106 n
1249 64 1251 67 ·
1402 54 1408 61 ·
1525 79 1530 87 „

235 136 302 202 iv
558 121 635 190 M
671 50 741 193 ὅ
766 112 835 185 N
866 114 894 183 I
922 112 984 181 T
1017 109 1084 180 U
1118 107 1196 176 M
1448 93 1529 142 ³*
1590 135 1604 144 ·

240 222 595 315 Postquam
624 217 774 284 huic
804 207 986 278 fimul
1025 202 1285 300 pietatis
1313 195 1514 267 insca-

239 317 543 389 riffimum
592 305 986 403 Magistrum
1015 352 1038 382 ,
1095 295 1277 366 fimul
1323 291 1513 361 obse-

239 416 376 510 quii
417 436 485 479 er
539 434 573 476 a
606 400 926 473 studiosos
960 396 1283 463 Romanae
1324 385 1516 455 histo-

239 515 350 579 riae
407 435 688 574 legores
753 494 1024 575 offici0‚
1078 505 1396 580 quantum
1446 483 1516 546 in

242 603 432 673 nobis
460 618 596 667 erat
617 648 641 677 ,
665 589 1085 661 satisfecimus
1102 636 1121 667 ,
1146 580 1332 647 liberi
1349 578 1478 665 jam
1495 626 1514 658 ‚

245 701 318 768 &
359 693 558 765 nostri
597 690 749 780 juris
774 739 792 770 ‚
841 679 1020 752 adid
1058 672 1241 770 quod
1271 669 1520 739 dudum

245 796 728 888 agitaveramus
761 780 842 848 de
888 776 1082 844 Livio
1123 767 1334 839 redire
1363 787 1522 859 pro-

248 907 578 984 peramus,
1198 884 1202 887 ’

346 981 446 1050 Ut
473 979 674 1072 igitur
698 970 920 1040 eximii
948 960 1272 1055 scriptoris
1294 950 1525 1022 leffioe

253 1102 411 1148 nem
453 1067 914 1164 jucundiorem
955 1054 1286 1150 juventuti
1325 1071 1527 1140 expe-

258 1174 699 1260 ditioremque
746 1159 1111 1229 faceremus
1141 1202 1160 1234 ‚
1216 1147 1347 1213 hoc
1401 1144 1530 1235 pri-

260 1291 441 1337 mum
484 1267 551 1331 in
591 1283 767 1327 nova
809 1254 932 1320 hac
978 1245 1268 1315 editione
1318 1235 1536 1305 nostra

262 1359 581 1456 spe&avit
609 1354 794 1422 labor
825 1402 843 1433 ‚
883 1366 953 1433 ut
1000 1360 1219 1409 textus
1253 1335 1386 1428 ipse
1423 1330 1533 1397 Li-

266 1461 498 1528 vianus
529 1454 726 1544 quern
756 1432 1300 1512 emendatiffirnus
1339 1424 1536 1494 offer-

269 1572 468 1621 retur.
511 1546 785 1636 Semper
830 1533 1154 1604 doluimus
1193 1524 1286 1593 illi
1325 1521 1538 1604 aetati,

272 1650 473 1716 etiam
519 1645 585 1711 in
635 1636 835 1731 plano
891 1628 1276 1722 plerumque
1333 1613 1544 1683 offen-

273 1741 511 1823 denti,
559 1755 765 1802 novas
817 1724 1019 1816 objici
1063 1711 1478 1785 difficultates
1522 1760 1542 1794 ‚

277 1861 361 1905 ex
401 1827 655 1901 mendis
681 1880 699 1911 ‚
735 1847 816 1891 ex
841 1840 1042 1913 prava
1075 1802 1547 1901 interpunffio-

276 1956 364 1999 ne
403 1983 421 2014 ‚
467 1951 549 1994 ex
605 1917 940 1991 omiflione
997 1928 1106 1977 aut
1156 1897 1547 1991 trajeRione

278 2047 528 2094 vocum
544 2073 561 2104 ,
583 2015 818 2111 quibus
839 2003 1115 2098 scopulis
1134 1997 1373 2066 firmati
1394 2015 1552 2084 quo-

280 2144 413 2214 que
453 2116 659 2207 longo
716 2107 826 2176 usu
889 2099 1169 2169 leetores
1224 2086 1555 2159 interdum

283 2209 789 2284 retardarentur.
817 2199 992 2266 Huic
1021 2179 1452 2259 incommodo
1482 2198 1556 2247 ut

283 2313 522 2378 iremus
571 2300 835 2368 obviam
860 2346 878 2377 ‚
918 2308 1172 2358 textum
1209 2279 1400 2367 hujus
1435 2298 1556 2341 no-

287 2429 389 2472 vae
437 2396 738 2467 editionis
789 2413 868 2456 ex
933 2382 1183 2465 majore
1239 2374 1347 2442 illa
1410 2392 1556 2462 quae

290 2497 534 2567 summ&
584 2484 920 2582 diligenti&
983 2493 1207 2548 curata
1261 2465 1400 2554 est,
1466 2466 1560 2531 ita
