1704 3073
330 85 451 144 430
615 69 670 126 T
713 85 734 125 1
773 86 815 126 T
859 86 880 126 1
984 71 1030 128 L
1076 87 1098 128 1
1143 87 1190 127 v
1231 89 1254 129 1
1296 88 1321 129 1

123 148 362 211 U.e.348.6
381 147 441 196 ad
458 146 606 198 finem
625 149 802 216 legatio
831 148 1115 200 Veientium
1146 153 1343 202 obviam
1383 149 1490 201 fuit.
1523 150 1612 202 Pa

123 212 464 266 ²·C·4c4-tiere·
493 234 554 266 ne
580 255 595 278 ‚
631 217 902 284 priusquam
933 218 1019 284 ipsi
1062 220 1275 268 senatum
1325 219 1606 268 Romanum

327 283 557 344 adissent,
596 284 752 335 Veios
774 287 932 334 iretur.
962 285 1044 332 Ab
1068 285 1227 336 senatu
1254 289 1566 351 impetratum
1586 322 1604 347 ,

331 354 445 417 quia
477 352 709 401 discordi&
751 352 967 401 intestina}
1007 352 1282 402 laborarent
1320 353 1556 403 Veientes
1588 389 1613 414 ,

326 435 391 480 ne
419 436 495 469 res
526 422 586 469 ab
617 422 672 469 iis
705 432 1037 486 repeterentur
1067 436 1078 467 :
1126 435 1311 470 tanturn
1353 421 1502 470 abfuit
1550 435 1605 470 ut
1677 448 1680 450 -

328 501 389 536 ex
410 488 727 537 incommodo
747 488 903 535 alieno
925 487 1001 534 sua
1029 487 1218 537 occasio
1248 503 1507 554 peteretur.
1541 487 1605 538 Et

131 555 379 616 'AmEffumin
414 555 605 605 Volscis
642 570 840 620 accepta
879 555 1040 603 clades
1075 592 1092 614 ‚
1128 555 1291 605 amisso
1330 556 1610 622 Verrugine

123 621 172 664 V
166 624 306 679 errugi-
331 622 582 688 praesidi03
613 623 693 670 ubi
724 638 910 671 tantum
936 624 984 670 in
1012 636 1237 688 ternpore
1259 623 1348 673 fuit
1372 640 1607 672 momen-

119 685 312 751 anraefi-
329 692 364 740 ti
383 729 397 751 ‚
429 706 515 749 ut,
551 707 698 755 quum
726 691 1031 754 precantibus
1061 709 1211 755 opem
1237 691 1496 751 militibus,
1520 691 1603 757 qui

117 744 237 796 dmm·
328 760 396 807 ibi
428 778 452 806 a
479 757 669 806 Volscis
693 757 1068 818 obsidebantur,
1100 757 1340 818 succurri,
1376 758 1410 807 s1
1449 772 1609 807 matu·

328 840 486 875 ratum
510 824 624 874 esset
645 862 662 885 ‚
701 824 954 891 potuisset,
984 824 1045 873 ad
1076 825 1124 874 id
1156 828 1345 876 venerit
1368 828 1605 875 exercitus

328 892 534 943 subsidio
561 893 755 953 missus,
792 908 843 942 ut
885 894 944 941 ab
984 896 1166 942 recenti
1209 895 1342 944 caede
1373 894 1519 959 palati
1543 893 1606 942 ad
1669 912 1672 914 ·

326 961 640 1026 praedandum
684 959 843 1010 hostes
900 962 1312 1026 opprimerentur.
1342 960 1610 1011 Tarditatis

324 1027 464 1077 causa
493 1030 541 1078 in
579 1029 742 1078 senatu
777 1030 928 1095 magis
966 1028 1055 1078 fuit
1097 1029 1241 1096 quem
1282 1033 1328 1078 in
1371 1030 1609 1089 tribunis·,

322 1112 356 1159 7
378 1099 494 1163 qui,
525 1099 637 1165 quia
653 1097 836 1146 summ&
858 1099 907 1144 vi
925 1095 1095 1146 restare
1113 1099 1452 1146 nuntiabantur
1470 1135 1486 1157 ‚
1518 1114 1607 1162 pa-

323 1182 429 1213 rum
463 1168 801 1232 cogitaverunt
822 1202 839 1226 ‚
868 1165 999 1212 nulla
1045 1166 1220 1215 virtute
1267 1166 1474 1232 superari
1511 1166 1604 1214 hu·

322 1250 572 1284 manarum
613 1235 789 1282 virium
829 1233 1048 1282 modum.
1092 1232 1349 1282 Fortissimi
1383 1233 1556 1282 milites
1584 1270 1603 1293 ‚

117 1296 305 1350 U&2349
323 1319 424 1349 non
453 1316 644 1360 tamen,
683 1319 772 1350 nec
793 1303 923 1360 vivi,
946 1317 1035 1349 nec
1063 1301 1169 1365 post
1194 1318 1437 1360 mortem,
1467 1301 1603 1349 inulti

118 1352 477 1418 ‘'s-40³-fuese,
512 1369 784 1434 Insequenti
818 1386 945 1417 anno
980 1405 996 1429 ‚
1045 1368 1098 1416 P.
1134 1370 1184 1418 &
1223 1369 1318 1417 Cn.
1356 1367 1601 1418 Corneliis

116 1408 308 1452 P,&Cn.
327 1435 486 1486 Coffis
509 1475 524 1499 ‚
558 1437 795 1487 Numerio
824 1436 976 1485 Fabio
1014 1434 1253 1485 Ambusto
1274 1476 1288 1498 ‚
1318 1435 1372 1486 L.
1397 1435 1601 1484 Valerio

114 1469 309 1579 lciics'tngoe·
329 1504 491 1553 Potito
517 1544 530 1563 ‚
563 1505 761 1554 tribunis
801 1505 1006 1553 militum
1039 1505 1273 1553 consulari
1319 1502 1557 1570 potestate
1585 1539 1607 1564 2

115 1591 192 1635 Τι..
216 1594 308 1635 Mil,
329 1572 512 1622 Veiens
543 1574 723 1622 bellum
758 1588 944 1622 motum
971 1609 985 1631 ,
1021 1572 1086 1620 ob
1117 1572 1373 1638 superbum
1403 1571 1605 1637 respon-

148 1684 198 1725 Β
327 1639 428 1689 surn
456 1640 679 1690 Veientis
706 1641 924 1700 senatus,
956 1642 1036 1705 qui
1068 1640 1237 1708 legatis
1271 1639 1605 1705 repetentibus

115 1756 133 1784 ε
203 1700 310 1726 ecre·
327 1726 434 1769 res,
472 1712 518 1756 ni
560 1708 840 1759 facesserent
881 1725 1087 1775 propere
1138 1709 1252 1756 urbe
1298 1707 1601 1773 finibusque,

114 1744 295 1847 ηἴῖἥζῖἱε
325 1777 519 1825 daturos
540 1778 670 1842 quod
691 1778 806 1826 Lars
821 1778 1114 1825 Tolumnius
1132 1773 1358 1834 dedisset,
1391 1774 1596 1841 respon-

113 1866 287 1909 indicem·
328 1845 429 1892 deri
456 1842 595 1907 juffit.
629 1843 685 1892 Id
717 1845 876 1893 Patres
916 1861 1026 1910 agre
1070 1842 1185 1907 paffi
1223 1844 1514 1900 decrevere,
1548 1856 1606 1891 ut

114 1914 501 1971 domim-tribuni
535 1913 738 1961 rnilitum
764 1914 824 1962 de
859 1914 989 1961 bello
1024 1911 1279 1960 indicendo
1309 1910 1602 1959 Veientibus

113 1989 216 2031 tibus
324 1982 481 2046 primo
515 1998 711 2047 quoque
737 1982 814 2030 die
851 1981 910 2028 ad
936 1979 1172 2045 populum
1201 1977 1399 2027 ferrent.
1436 1976 1601 2041 Quod

112 2049 235 2097 bello.
320 2048 402 2098 ubi
431 2049 588 2114 primo
621 2049 976 2116 promulgatum
1014 2045 1081 2095 est
1111 2083 1127 2108 ,
1174 2045 1381 2095 fremere
1419 2043 1595 2111 juven-

379 2172 405 2214 6
440 2174 510 2213 Ad
529 2174 689 2230 finem]
722 2174 787 2214 Ad
824 2173 922 2214 fines
987 2172 1037 2219 τὶ
1053 2179 1155 2234 quia.
1189 2179 1335 2220 Sensus
1365 2177 1417 2218 est
1449 2193 1459 2219 ε
1486 2177 1596 2237 Quia

316 2236 402 2289 agri
420 2236 622 2275 Veientis.
641 2236 703 2275 Sic
723 2236 821 2275 infre}
839 2236 920 2284 lX,
979 2239 1129 2293 summa*
1162 2241 1202 2281 νί
1225 2241 1364 2291 restare
1395 2239 1436 2287 i,
1468 2255 1507 2281 e.
1530 2254 1592 2281 te-

315 2297 343 2337 6
364 2324 375 2344 ,
410 2298 462 2335 ad
480 2296 599 2351 finem
632 2299 880 2352 Campanum.
985 2301 1114 2343 sistere
1145 2302 1425 2341 nuntiabantur
1460 2301 1591 2355 praefr-
1649 2320 1656 2324 ·

380 2371 404 2409 7
443 2357 549 2415 Qui,
573 2358 692 2412 quia]
725 2360 817 2398 Non
848 2358 923 2398 im·
985 2363 1095 2402 diarii
1128 2364 1300 2408 milites,
1324 2378 1461 2418 parum
1483 2363 1598 2418 cogi-

314 2419 461 2459 merito
494 2420 653 2459 videtur
687 2419 920 2461 Gronovius
983 2436 1164 2464 taverunt
1182 2423 1319 2464 Patres
1336 2425 1481 2463 nullam
1504 2425 1593 2465 vir-

315 2479 455 2519 delere
485 2483 669 2520 voculam
696 2481 758 2535 qui
777 2510 787 2528 ,
820 2493 916 2521 tam·
984 2495 1110 2524 tutem
1143 2485 1248 2538 posse
1274 2487 1361 2538 plus
1394 2484 1589 2533 efficere,

314 2553 432 2594 quam
459 2553 671 2582 nocentem
700 2543 851 2587 sensui,
878 2543 918 2582 &
984 2551 1096 2599 quiirn
1146 2559 1350 2600 pateretur
1397 2548 1591 2588 humana»

318 2600 421 2644 mal-¹:
441 2613 571 2644 natam
594 2618 643 2645 ex
672 2604 919 2659 repetitione
982 2622 1069 2649 rum
1099 2608 1245 2651 virium
1272 2608 1435 2652 modus>
