1689 3083
412 164 458 220 L
499 179 522 219 1
565 177 602 219 Β
646 177 682 219 Ε
723 178 764 219 R
858 165 883 219 I
925 165 966 219 I.
1192 184 1297 242 193

27 239 251 309 finemque
266 241 431 306 venzffe
446 246 653 292 Romano
669 243 866 308 imperio.
893 241 984 290 His
1003 240 1111 291 freti
1135 262 1301 294 occur·
1319 262 1510 312 {Le-2740

0 309 130 359 ..sant
164 313 314 376 portis
345 348 360 372 ,
401 313 620 377 ingerunt
661 311 872 376 probra,
907 326 1032 375 aegre
1073 310 1303 361 abstinent
1319 315 1509 368 a.C.4·78.

27 379 143 443 quin
178 377 323 426 castra
366 394 670 446 oppugnent.
727 376 992 426 Enimvero
1045 394 1145 424 non
1185 379 1305 427 ultr&

25 447 373 494 contumeiiam
402 449 499 510 pati
519 445 769 495 Romanus
803 442 968 510 posse:
1002 446 1118 492 totis
1149 444 1306 494 castris

28 511 238 577 undique
272 513 332 561 ad
354 513 572 562 consules
597 515 794 561 curritur
815 527 829 571 3
862 529 961 560 non
983 510 1079 575 jam
1100 511 1269 560 sensim
1290 551 1307 574 ‚

25 592 79 627 ut
102 581 211 627 ante
232 618 244 637 ,
281 599 367 646 per
395 584 731 630 centurionum
759 581 997 644 principes
1030 577 1271 643 postulant
1289 618 1304 641 ,

24 643 107 695 sed
133 645 297 712 paffim
321 666 493 697 omnes
517 648 801 697 clamoribus
830 662 991 713 agunt.
1019 645 1212 695 Matura
1232 666 1308 697 res

23 728 125 763 erat
150 731 163 772 3
194 718 563 782 tergiversantur
585 731 764 763 tamen.
804 713 974 762 Fabius
1000 714 1176 763 deinde
1198 754 1213 775 ,
1243 715 1306 764 ad

22 780 318 832 crescentem
344 784 548 832 tumultu
573 782 672 847 jam
693 797 878 830 metum
916 781 1164 830 seditionis
1194 784 1306 831 col-

24 847 136 914 lega
165 852 468 900 concedente
496 889 509 912 ‚
543 869 691 917 quum
727 848 963 898 silentium
984 848 1186 898 classico
1227 850 1306 911 fef-

25 915 187 975 ciss'et3
223 921 270 966 E
299 937 324 966 o
345 921 449 985 istos
466 957 483 977 ,
523 921 601 968 Cn.
622 918 814 975 Manli,
834 915 959 982 poffi
985 919 1158 966 vincere
1171 916 1269 981 fiio
1288 939 1303 968 .·

20 984 138 1034 ‘velle
165 1003 219 1032 ne
240 936 398 1049 sffirem
427 1024 445 1044 ,
485 987 574 1052 ipsi
586 984 804 1051 fecerunt.
846 984 1008 1049 Itaque
1033 1000 1191 1033 certum
1230 1001 1303 1033 at-

3 1060 109 1116 'que
145 1053 357 1101 decretum
384 1055 441 1119 est
456 1091 474 1112 ,
507 1072 596 1101 non
632 1055 734 1100 dare
753 1053 932 1117 fignum
951 1089 968 1109 ,
1008 1053 1098 1115 nist
1119 1055 1304 1102 vielores

17 1116 71 1182 fi
99 1121 313 1168 redituros
342 1139 396 1168 ex
416 1123 500 1168 [zac
512 1139 670 1187 pugna
689 1118 856 1186 jurent.
891 1118 1119 1181 Constzlcm
1137 1124 1304 1168 Roma-

28 1203 136 1233 num
167 1187 296 1235 miles
317 1187 455 1251 semel
488 1191 536 1236 in
572 1191 669 1235 acie
690 1185 894 1252 ftfhllit:
924 1189 1027 1233 deos
1057 1206 1301 1253 numquam

0 1250 176 1318 -fhllet.
210 1253 446 1304 Centurio
480 1270 579 1303 erat
608 1255 683 1303 M.
708 1253 982 1302 Flavoleius
1005 1279 1024 1311 ,·
1056 1256 1179 1302 inter
1205 1258 1305 1320 pri-

23 1337 186 1370 mores
207 1340 379 1388 pugnae
405 1324 663 1389 flagitator.
698 1323 877 1379 Vmor,
899 1322 1079 1386 inquit,
1111 1325 1186 1371 M.
1208 1325 1301 1373 Fa-

22 1388 72 1445 bi
95 1425 113 1446 ‚
150 1405 339 1439 revertar
361 1410 417 1439 ex
440 1393 551 1439 acie.
591 1389 638 1438 Si
667 1387 798 1438 fallat
819 1426 833 1448 ,
867 1387 1045 1438 Jovem
1074 1406 1260 1455 patrem
1282 1429 1298 1452 ‚

15 1453 392 1524 >Gradivumque
434 1459 646 1514 Martem
668 1495 681 1515 ,
717 1456 925 1522 aliosque
962 1458 1108 1505 iratos
1147 1459 1301 1506 invo-

20 1537 99 1572 cat
134 1524 271 1574 deos.
311 1526 447 1574 Idem
486 1526 716 1590 deinceps
747 1527 902 1573 omnis
926 1526 1158 1574 exercitus
1180 1528 1227 1574 in
1252 1526 1299 1576 se

21 1589 216 1657 quisque
253 1591 392 1657 jurat.
437 1592 606 1642 Juratis
643 1594 780 1641 datur
806 1591 1024 1658 signum:
1061 1611 1191 1641 arma
1221 1612 1298 1642 ca-

22 1659 199 1723 piunt3
238 1676 353 1709 eunt
371 1663 417 1709 in
449 1679 659 1727 pugnam
680 1697 694 1720 ‚
729 1663 899 1708 irarum
924 1659 1117 1726 speique
1150 1662 1301 1726 pleni.

27 1723 170 1775 Nunc
203 1725 373 1791 jubent
399 1727 620 1777 Etruscos
644 1728 820 1794 probra
841 1725 996 1792 jacere
1016 1765 1031 1787 ‚
1067 1746 1194 1776 nunc
1217 1748 1300 1777 ar-

25 1796 163 1844 matis
205 1795 291 1843 fibi
333 1796 526 1862 quisque
571 1795 733 1862 lingu‘sst
782 1809 1064 1861 promptum
1111 1796 1298 1846 hostem

25 1858 198 1912 offerri.
233 1862 470 1912 Omnium
502 1864 582 1912 illo
613 1864 690 1912 die
712 1901 724 1922 ‚
758 1862 852 1928 quit
876 1863 1059 1928 plebis,
1085 1864 1179 1929 quit
1206 1864 1297 1913 Pa-

23 1941 149 1977 trum
169 1967 184 1990 ,
217 1933 388 1980 eximia
419 1933 568 1979 virtus
590 1930 693 1980 fuit.
723 1929 921 1978 Fabium
949 1948 1131 1979 nomen
1152 1970 1168 1989 ‚
1200 1932 1298 1981 Fa-

24 1994 102 2044 bia
129 2015 243 2063 gens
279 2001 484 2046 maxime
527 2000 724 2057 enituit3
756 1999 912 2046 multis
949 1999 1168 2047 civilibus
1193 2017 1298 2049 cer-

24 2066 279 2114 taminibus
325 2065 534 2114 infensos
576 2066 728 2131 plebis
773 2069 958 2114 animos
1009 2066 1089 2116 illa
1136 2073 1295 2134 pugn&

25 2128 112 2179 fibi
144 2135 453 2182 reconciliare
484 2133 707 2182 statuunt.
740 2132 980 2181 Instruitur
1010 2137 1170 2183 acies:
1203 2153 1297 2186 nec

25 2195 212 2250 Veiens
234 2200 377 2249 hostis
402 2201 701 2267 Etruscaeque
723 2200 938 2267 leg-iones
959 2201 1239 2252 detrecbint.

95 2265 274 2316 XLVI.
325 2268 482 2334 Prope
529 2285 658 2317 certa
705 2267 810 2332 spes
859 2284 959 2317 erat
1003 2288 1100 2318 non
1142 2273 1295 2338 magis

26 2331 188 2381 secum
237 2351 530 2401 pugnaturos
566 2374 580 2396 ‚
632 2335 776 2402 quim]
821 2340 1137 2403 pugnaverint
1186 2357 1297 2387 cum

25 2399 220 2466 AEquis:
246 2401 395 2465 majus
423 2421 618 2470 quoque
648 2404 871 2466 aliquod,
904 2407 951 2452 in
981 2420 1078 2452 tam
1107 2409 1294 2454 irritatis

22 2470 193 2517 animis
213 2506 228 2530 ,
251 2470 303 2518 &
323 2487 350 2517 2.
374 2471 622 2521 occasione
641 2472 862 2537 ancipiti,
892 2472 1018 2520 haud
1042 2473 1300 2538 desperan-

88 2579 115 2605 2
131 2566 344 2620 Occasione
356 2568 534 2623 ancipitij
552 2568 631 2608 Ubi
691 2569 897 2609 vicioriam
910 2568 1297 2619 deseruerant-Quid

24 2626 188 2667 vinoria
210 2628 363 2668 incerta
379 2630 512 2669 futura
528 2641 629 2671 erat.
692 2630 763 2670 fiet
826 2631 946 2685 igitur
983 2659 996 2678 ,
1061 2630 1297 2683 inquiebant

25 2686 200 2738 ,Roinani
228 2700 379 2733 certam
410 2705 461 2735 ex
485 2689 629 2748 AEquis
691 2691 893 2738 Veientes
922 2719 936 2741 ‚
979 2692 1054 2734 hac
1093 2692 1136 2733 in
1174 2705 1296 2741 οπλα,
