1653 3078
5 276 12 283 N
75 216 179 270 effe
206 218 393 267 urbium
434 215 584 276 solet,
612 233 758 282 quum
790 215 997 272 effraffisl
1030 220 1210 280 portis,
1245 219 1359 270 stra·

63 286 203 335 *tisve
233 287 376 335 ariete
406 287 578 344 muris,
614 299 692 331 aut
722 301 829 331 arce
865 286 912 332 vi
944 284 1083 347 capra
1115 323 1128 344 ‚
1174 287 1358 338 clamor

87 354 266 403 hostilis
286 391 299 411 ,
331 354 382 402 &
418 353 572 401 cursus
603 370 688 418 per
724 351 893 416 urb-em
921 366 1215 401 armatorum
1253 374 1360 404 om.

87 424 165 470 nia
205 422 330 471 ferro
360 421 649 484 flammaque
680 420 843 469 miscet
873 437 883 466 ε
917 419 995 468 sed
1018 417 1249 468 suentium
1282 426 1362 471 tri·

88 488 154 538 ste
180 507 232 537 ac
267 491 408 537 tacita
442 488 661 537 moestitia
698 490 761 535 ita
799 484 961 535 defixit
1006 491 1224 536 omnium
1258 492 1364 537 ani-

37 563 42 569 ’
90 574 233 616 mm,
272 572 322 606 ut
359 574 456 622 prae
505 571 632 604 metu
680 554 817 602 obliti
852 556 962 619 quid
1000 554 1362 623 relinquerent,

91 624 206 691 quid
239 622 395 673 secum
428 623 634 684 ferrent,
669 621 922 670 deficiente
957 622 1155 673 confilio
1178 660 1192 681 ,
1234 626 1366 692 rogi-

34 700 37 701 ’
93 691 338 758 tantesque
368 692 446 740 alii
475 693 595 739 alios
616 729 628 749 ,
661 689 785 738 nunc
812 691 857 736 in
883 690 1123 740 liminibus
1158 689 1365 753 starent,

93 777 219 808 nunc
260 759 512 809 errabundi
543 759 719 806 domos
756 758 888 816 suaS,
928 774 948 823 5
983 757 1203 807 ultimum
1247 760 1367 809 illud

93 826 278 888 visuri,
327 841 709 894 pervagarentur.
749 825 815 874 Ut
851 828 969 874 vex-2>
1015 823 1112 887 jam
1151 830 1370 892 equitum

57 898 61 907 ‘
96 895 281 944 clamor
325 898 450 943 exire
495 893 758 958 jubentium
794 891 1023 951 instabat,
1062 891 1160 959 jam
1206 894 1371 962 fragor

97 962 332 1012 te&orum
369 981 472 1027 quae
503 962 809 1010 diruebantur
843 962 1020 1010 ultimis
1059 962 1183 1010 urbis
1219 966 1373 1028 parti-

97 1031 188 1079 bus
237 1031 548 1090 audiebatur,
593 1030 838 1095 pulvisque
880 1048 936 1077 ex
976 1028 1253 1079 distantibus
1289 1033 1372 1080 lo-

98 1100 168 1148 cis
201 1114 366 1158 ortus,
395 1097 528 1146 velut
577 1097 701 1145 nube
743 1096 935 1145 indufta
982 1100 1145 1148 omnia
1188 1100 1373 1166 imple-

97 1179 231 1217 verat
264 1183 278 1225 3
319 1168 490 1232 raptim
524 1165 554 1214 6
590 1165 757 1232 quibus
794 1164 988 1231 quisque
1032 1181 1222 1231 poterat
1273 1168 1375 1216 eia-

99 1236 192 1292 τὶς,
218 1251 362 1298 quum
394 1235 541 1282 larem
563 1269 576 1288 ‚
607 1251 659 1281 ac
684 1248 879 1298 penates
901 1271 913 1291 ‚
941 1233 1156 1299 tekIaque
1186 1236 1234 1282 in
1269 1238 1375 1301 qui-

100 1301 190 1350 bus
234 1317 369 1350 natus
413 1300 632 1373 quisque·
658 1300 978 1367 educatusque
1025 1302 1138 1351 effet
1165 1339 1179 1361 ‚
1223 1305 1375 1354 relin-

51 1429 57 1436 ι
103 1385 304 1436 quentes
349 1371 573 1427 exirent,
621 1385 718 1431 jam
774 1371 1025 1418 continens
1067 1387 1240 1437 agmen
1287 1373 1377 1421 mi-

105 1439 341 1505 grandum
369 1438 653 1503 impleverat
681 1438 780 1485 vias
811 1455 822 1484 z
859 1438 908 1484 S(
948 1436 1228 1504 conspeRus
1262 1441 1377 1488 alio-

106 1522 212 1553 rum
249 1505 412 1554 mutua
465 1504 762 1553 miseratione
807 1505 1072 1571 integrabat
1109 1507 1326 1555 lacrimas
1359 1524 1375 1568 3

106 1571 340 1639 vocesque
364 1575 505 1621 etiam
533 1572 816 1621 miserabiles
838 1574 1210 1623 exaudiebantur
1227 1613 1242 1635 ‚
1269 1592 1379 1623 mu·

105 1639 272 1690 Herum
295 1641 559 1706 praecipue,
592 1658 737 1706 quum
759 1639 939 1689 obseffa
970 1642 1028 1690 ab
1050 1643 1239 1692 armatis
1257 1659 1380 1692 tem-

109 1708 186 1774 pla
223 1708 414 1776 augusta
449 1711 771 1773 praeterirent,
803 1727 855 1756 ac
886 1709 1018 1758 velut
1054 1726 1222 1776 captos
1246 1711 1380 1760 relin-

110 1790 308 1842 querent
324 1777 456 1825 deos.
479 1775 676 1844 Egreffis
691 1777 856 1826 urbem
876 1776 1079 1826 Albanis
1094 1816 1107 1837 ‚
1128 1778 1378 1828 Romanus

110 1842 277 1909 paffim
302 1844 489 1909 publica
510 1848 788 1911 privataque
823 1848 987 1893 omnia
1014 1845 1135 1894 τεξΐει
1159 1848 1381 1914 adaequat

110 1911 212 1960 solo
235 1949 250 1972 ‚
290 1930 476 1978 unaque
518 1913 631 1961 hora
667 1930 695 1962 7
730 1914 1187 1980 quadringentorum
1221 1933 1382 1965 anno-

111 1997 214 2028 rum
249 1998 402 2044 opus,
441 1982 611 2045 quibus
649 1980 776 2029 Alba
817 1979 1005 2029 steterat
1029 2020 1040 2040 ,
1073 1983 1278 2032 exscidio
1325 2001 1382 2032 ac

111 2048 256 2095 ruinis
290 2048 434 2096 dedit.
467 2046 686 2112 Templis
726 2064 885 2098 tamen
927 2048 1071 2097 deum
1102 2049 1121 2116 (
1148 2053 1211 2100 ita
1251 2054 1382 2100 enim

111 2114 317 2166 edwium
348 2116 406 2164 ab
435 2124 544 2183 rege
581 2115 772 2185 fuerat)
808 2131 1126 2183 temperatum
1164 2118 1247 2168 est.

496 137 850 193 LxssER
950 142 986 192 I.
1285 157 1354 220 59

183 2262 201 2300 5
232 2249 419 2289 Ultimum
447 2250 579 2302 illud]
606 2250 717 2290 Ulti-
781 2263 843 2290 rat
855 2247 1001 2304 sauciis
1029 2250 1146 2290 duec'is
1169 2248 1314 2304 secum.

117 2310 179 2351 ma
206 2311 272 2350 illa
304 2311 393 2351 vice
417 2325 425 2350 :
458 2314 716 2365 quemadmo-
842 2326 867 2358 7
891 2313 1290 2369 Quadringentorum]
1311 2314 1386 2353 Se-

118 2372 211 2411 dum
255 2374 356 2425 apud
400 2373 514 2415 Cutt.
560 2375 585 2413 l.
623 2374 683 2417 IV
705 2402 716 2421 ,
783 2375 915 2427 quitur
937 2374 1069 2413 Livius
1089 2376 1271 2414 eumdem
1301 2376 1388 2415 cal-

121 2448 159 2474 c.
191 2444 242 2483 43
268 2461 278 2478 ‚
301 2435 371 2474 hoc
391 2434 472 2487 jam
504 2435 638 2475 tertio.
785 2437 915 2475 culum
933 2464 943 2482 ‚
971 2451 1085 2490 quem
1102 2437 1219 2490 Virg.
1240 2437 1272 2474 1.
1288 2433 1387 2478 AEn.

182 2494 208 2534 6
244 2494 391 2551 Quibus
419 2494 570 2551 quisque
601 2510 719 2551 pote·
782 2511 821 2537 v.
842 2498 927 2549 276
944 2526 954 2544 ‚
972 2498 1011 2538 ὃ(
1029 2497 1169 2539 Justin.
1187 2500 1212 2536 1.
1231 2497 1388 2545 XLIII,
1440 2505 1443 2510 '

120 2556 218 2609 rat]
246 2557 511 2597 Hellenismus
529 2585 540 2605 ,
571 2573 645 2612 pro
674 2559 721 2598 iis
785 2573 821 2599 c.
846 2571 882 2600 1.
905 2558 1119 2614 Dionysius
1143 2573 1231 2597 cum
1250 2558 1390 2611 pleris-

121 2631 200 2671 quae
226 2616 378 2673 quisque
397 2632 572 2674 poterat.
599 2620 662 2660 Sic
691 2621 719 2661 1.
786 2635 864 2675 que
897 2631 1079 2661 numerat
1109 2634 1234 2660 annos
1267 2620 1354 2674 489
1374 2648 1388 2671 ,

119 2678 210 2728 lv,
244 2694 280 2723 c.
307 2691 368 2735 39
391 2708 402 2730 ,
442 2680 590 2740 Quibus
610 2694 725 2738 pote·
788 2683 928 2738 quibus
949 2684 1049 2722 Alba
1076 2681 1247 2725 steterit.
1282 2724 1307 2737 s

1011 2737 1118 2804 Eij
