1652 3083
633 131 904 190 Tri-1
993 132 1319 189 Lrvrr

306 151 425 207 492
1624 0 1652 192 ᾗ

102 231 293 284 U.c.364.
310 210 472 272 filios,
514 213 746 279 impigros
769 211 970 278 juvenes
994 249 1008 272 ,
1043 211 1286 261 missurum
1322 211 1368 261 se
1407 210 1500 262 esse
1527 213 1575 261 in
1635 237 1644 257 ι,

102 286 290 339 a.e,338.
310 298 427 346 quas
467 280 554 329 Dii
592 279 823 329 dedissent
849 281 1053 347 auguriis
1097 280 1281 341 sedes,
1336 279 1574 330 ostendit:
1638 283 1641 297 ⁴

311 363 529 414 quantum
559 350 648 416 ipsi
678 349 845 398 vellent
870 387 887 407 ,
929 365 1154 395 numerum
1186 349 1413 397 hominum
1449 350 1578 396 exci-

308 431 403 464 rent
421 455 439 475 ,
473 436 526 465 ne
547 436 637 483 qua
660 435 769 483 gens
789 433 928 464 arcere
949 416 1239 463 advenientes
1257 414 1415 481 poff'et.
1442 415 1576 464 Tum
1630 429 1652 487 ‘Q

306 483 542 552 Sigoveso
582 484 780 533 sortibus
819 483 915 530 dati
956 481 1172 530 Hercinii
1206 481 1376 532 saltus:
1404 482 1577 532 Bello-

302 551 421 602 veso
444 552 572 601 haud
597 552 741 618 paulo
774 551 1012 598 laetiorem
1042 551 1090 597 in
1123 549 1307 598 Italiam
1327 553 1456 602 viam
1489 551 1579 600 Dii
1635 552 1652 615 ξ

302 619 498 669 dabant.
537 619 578 668 Is
600 657 614 679 ‚
647 618 675 666 8
701 618 834 684 quod
860 621 927 666 eis
951 634 1010 665 ex
1042 618 1236 684 populis
1270 618 1577 681 abundabat,
1617 617 1652 694 ξ,

301 686 538 754 Bituriges
564 723 579 744 ,
616 686 898 746 Arvernos,
931 684 1181 746 Senones,
1206 686 1393 736 AEduos
1412 724 1426 746 ‚
1455 686 1582 735 Arn-
1637 701 1652 753 ζ

299 754 467 805 barros
488 793 501 814 ‚
539 753 779 803 Carnutes
801 791 817 813 ,
854 753 1095 802 Aulercos
1123 791 1138 813 ‚
1177 755 1371 805 excivit.
1401 753 1579 805 Profe-
1635 755 1652 837 3

300 823 399 872 &us
439 822 713 888 ingentibus
749 821 968 887 peditum
1021 824 1333 888 equitumque
1380 824 1532 889 copiis
1559 861 1575 885 ,
1624 839 1650 891 3

297 894 347 940 in
363 888 657 939 Tricastinos
678 891 826 938 venit.
849 889 1001 956 Alpes
1020 889 1133 939 inde
1154 889 1387 956 oppositae
1408 906 1576 952 erant,
1624 894 1649 951 *ᾖ

298 976 422 1025 quas,
455 957 859 1024 inexsuperabiles
896 956 1017 1007 visas
1054 957 1182 1007 haud
1214 959 1440 1024 equidem
1477 961 1576 1007 rni-
1634 923 1649 1025 ξ

298 1043 381 1074 ror
398 1063 413 1086 ,
443 1027 573 1075 nulla
596 1028 709 1075 dum
735 1023 813 1074 via
846 1023 916 1091 (9
940 1026 1074 1091 quod
1099 1026 1296 1091 quidem
1321 1028 1576 1077 continens
1612 1027 1647 1086 ,Ὗ

297 1097 536 1144 memoria
571 1093 625 1143 s1t
651 1131 666 1154 ‚
701 1093 784 1142 nisi
825 1093 886 1143 de
921 1093 1133 1142 Hercule
1168 1093 1341 1142 fabulis
1373 1095 1574 1146 credere
1616 1095 1625 1145 ‚⁴

297 1162 458 1230 libet)
499 1162 758 1228 superatas,
793 1159 867 1210 Ibi
891 1178 1038 1228 quum
1063 1161 1198 1211 velut
1227 1161 1393 1228 septos
1430 1181 1575 1213 mon·
1617 1049 1647 1225 ζ

295 1233 418 1279 tium
455 1230 661 1280 altitudo
693 1244 881 1279 teneret
932 1227 1106 1279 Gallos
1139 1267 1155 1290 ‚
1201 1230 1576 1297 circumspefflt-
1618 1218 1643 1292 ξ’

297 1314 502 1364 rentque
523 1315 732 1366 quanam
753 1315 838 1364 per
869 1295 1028 1362 junfflt
1057 1299 1185 1347 coelo
1209 1296 1322 1366 juga
1346 1301 1395 1347 in
1425 1300 1573 1349 alium
1614 1251 1641 1350 l

297 1368 473 1415 orbem
501 1382 732 1416 terrarum
757 1364 1036 1426 transirent,
1073 1381 1091 1412 1
1129 1366 1297 1433 religio
1326 1369 1470 1417 etiarn
1492 1383 1573 1417 te—
1619 1388 1652 1435 25⁴.

298 1437 402 1483 nuit
440 1452 452 1483 z
491 1435 622 1500 qubd
664 1435 861 1484 allatum
897 1432 965 1482 est
997 1470 1011 1494 ‚
1048 1433 1260 1483 advenas
1301 1451 1574 1500 quaerentes
1624 1435 1638 1479 ⁴

298 1520 466 1569 agrum
495 1504 555 1552 ab
584 1502 784 1570 Salyum
805 1519 950 1570 gente
983 1504 1270 1569 oppugnari.
1303 1502 1575 1554 Maffilien-
1614 1501 1636 1550 ἴ]

297 1571 371 1619 ses
411 1587 544 1621 erant
579 1572 624 1619 hi
647 1608 661 1631 ‚
698 1573 901 1620 navibus
938 1588 963 1618 a
993 1569 1198 1618 Phocaea
1242 1570 1461 1637 profecli.
1515 1572 1572 1622 Id

302 1637 436 1688 Galli
466 1638 671 1688 fortunae
705 1639 798 1688 suae
839 1655 988 1688 omen
1031 1640 1118 1687 rati
1157 1676 1171 1697 ‚
1219 1636 1450 1703 adjuvere
1486 1656 1571 1702 ut,
1610 1628 1633 1695 {l

300 1723 448 1773 quern
485 1709 692 1774 primum
719 1708 767 1755 in
802 1720 976 1756 terram
1012 1704 1180 1774 egreffi
1214 1723 1574 1773 occupaverant
1590 1698 1629 1787 ᾗ

299 1775 463 1823 locum
481 1812 496 1834 ‚
535 1793 562 1823 2
584 1774 856 1840 patentibus
880 1773 1005 1824 srlvis
1025 1811 1039 1834 ‚
1073 1777 1440 1824 communirent.
1478 1770 1571 1842 Ipfi
1591 1775 1628 1839 j⁴g

300 1840 517 1892 Taurino
566 1843 683 1892 saltu
733 1844 886 1892 invias
939 1842 1092 1908 Alpes
1139 1842 1618 1906 transcenderunt&¹

299 1909 502 1978 fusisque
534 1913 636 1961 acie
662 1909 828 1960 Tuscis
855 1909 982 1959 haud
1011 1911 1178 1975 procul
1201 1910 1382 1961 Ticino
1403 1912 1572 1961 flumi-
1590 1913 1620 1965 »Γ

299 1996 364 2030 ne
385 2017 399 2041 ,
432 1997 580 2047 quum
603 2017 619 2042 ,
655 1981 703 2029 in
741 1997 837 2047 quo
867 1977 1217 2040 consederant,
1245 1995 1412 2048 agrum
1437 1978 1574 2030 Insu-
1599 1970 1631 2023 τ’

363 2111 388 2151 S
423 2111 545 2169 Quod
575 2110 629 2151 eis
661 2126 710 2151 ex
741 2112 902 2167 populis

299 2172 526 2213 abundabat
545 2200 557 2220 ,
588 2171 816 2230 Bituriges]
837 2173 902 2213 Bi-

303 2234 455 2290 turiges
477 2262 489 2282 ‚
521 2234 732 2276 Arvernos
763 2262 776 2284 ,
818 2235 902 2276 &c-

298 2310 382 2338 non
403 2295 562 2350 quidem
583 2295 788 2337 universos
806 2296 904 2337 sedi·
959 2336 969 2347 ,

299 2357 550 2400 bus-excitos
571 2384 582 2403 ,
611 2356 677 2396 sed
709 2358 819 2411 quod
845 2357 902 2398 eis

300 2436 353 2463 ex
374 2419 533 2473 populis
555 2418 797 2459 abundabat.
825 2419 902 2460 Lo-

300 2498 352 2525 co
371 2482 430 2529 τὲ
442 2481 497 2521 εἰς
512 2481 718 2520 mallemus
734 2480 808 2521 his.

361 2557 388 2597 9
428 2543 550 2601 Quod
592 2541 742 2596 quidem
774 2539 904 2581 conti-

298 2619 395 2648 nens
429 2602 612 2645 memoria
630 2602 686 2656 fit
717 2603 735 2656 ]
783 2601 905 2643 Circa

300 2668 410 2725 quod
435 2677 544 2710 certa
568 2662 668 2708 fides
685 2664 730 2708 fit
751 2678 803 2707 ex
817 2677 903 2709 mo·

965 2111 1168 2153 numentis
1217 2126 1239 2152 a
1287 2121 1473 2166 tempore
1510 2113 1608 2162 rei!

965 2173 1084 2229 gestae
1131 2174 1180 2213 ad
1221 2174 1395 2215 nostrum
1442 2183 1582 2216 aevum'

965 2234 1200 2276 transmiflis.
1580 2267 1583 2274 Δ
1628 2260 1629 2264 =

1036 2309 1053 2336 1
1076 2296 1270 2351 Religio]
1295 2294 1418 2349 Quod
1437 2295 1489 2337 ibi
1508 2309 1552 2338 re
1578 2306 1582 2350 J

964 2369 1124 2412 pertum
1150 2359 1197 2396 ab
1227 2358 1274 2399 iis
1307 2357 1361 2398 est
1392 2359 1558 2400 fortun

965 2419 1044 2459 suae
1064 2431 1198 2459 omen.
1571 2461 1574 2468 ¹

1029 2493 1054 2520 2
1075 2478 1454 2535 Patentibusfiles]
1470 2479 1536 2534 Qu
1548 2479 1583 2515 ·»''

965 2540 1005 2581 in
1024 2542 1118 2581 loco
1132 2542 1227 2582 nihil
1241 2541 1344 2582 aliud
1358 2552 1441 2583 tum
1456 2553 1541 2585 erat
1567 2593 1571 2602 ι

966 2605 1083 2660 quam
1103 2611 1293 2658 patentes
1311 2603 1451 2663 sylvae·
