1704 3073
345 87 419 128 22
619 64 675 124 T
717 83 739 123 1
780 84 822 125 T
864 83 886 124 1
989 68 1035 125 L
1080 84 1101 124 1
1145 85 1190 123 v
1233 83 1255 124 1
1303 82 1327 124 1

339 148 530 196 Patmm
560 146 832 214 idficperhia'
860 146 1071 214 faflum,
1097 151 1176 214 qui
1199 147 1469 197 connubium
1489 145 1611 211 fini·
1681 187 1685 190 .

341 215 468 262 timis
501 212 725 282 negaffent
757 234 779 274 ;
813 216 922 264 illas
952 231 1099 264 tamen
1127 219 1176 265 in
1215 217 1495 263 matrimonio
1505 250 1530 272 ,
1557 215 1612 261 in

331 279 546 345 fficietate
575 282 862 348 fortunarum
909 287 1106 332 omnium
1157 282 1441 347 civitatisque
1470 320 1488 340 ‚
1528 281 1572 328 δ’
1588 317 1614 338 ,

344 367 431 414 quo
461 351 582 398 nihil
601 353 750 398 carius
771 352 965 398 humano
999 353 1145 417 generi
1167 352 1263 415 fit,
1286 350 1467 398 libertim
1488 345 1606 413 fhre.

341 417 583 466 Mollirent
608 419 736 466 mod&
769 422 861 465 iras
883 436 904 476 ,·
937 418 981 466 6³
1018 420 1180 483 quibus
1204 416 1305 483 fors
1333 434 1513 483 corpora
1537 417 1611 462 de·-
1698 476 1701 477 ⁷

342 481 500 546 diffi‘t,
522 487 676 532 darent
691 487 883 533 animos.
908 488 1034 552 Saepe
1056 504 1111 533 ex
1145 485 1313 551 injuria
1329 485 1610 551 postmodum
1682 518 1690 523 „

337 551 531 617 gratiani
576 567 715 600 ortam
752 571 768 600 .·
797 571 932 617 eoque
969 553 1222 600 melioribus
1265 551 1421 616 usuras
1452 551 1565 598 viris
1590 586 1610 607 ,

341 620 467 684 quod
479 622 820 685 annixuruspro
830 621 880 683 se
899 619 1176 684 quzstjuefit,
1202 635 1220 684 5
1246 634 1322 678 ut,
1337 615 1614 684 quumficam

338 688 482 735 vicem
494 685 682 751 famaus
714 687 861 755 officio
885 689 975 751 fit,
1003 702 1239 753 parentum
1270 690 1403 735 etiam
1425 686 1616 750 patriae-

338 772 421 818 que
461 755 642 819 expleat
693 756 963 818 defiderium.
1012 756 1327 803 Accedebant
1371 752 1616 801 blanditiae

335 823 553 868 virorum
599 820 774 870 fafitum
818 823 1124 889 purgantium
1171 822 1432 887 cupiditate
1471 834 1619 884 atque

336 905 504 938 amore
533 907 543 937 :
574 908 678 955 quae
697 891 905 939 maxime
930 891 991 938 ad
1009 891 1244 939 muliebre
1267 889 1518 958 ingenium
1543 884 1620 936 ef-

335 954 511 1005 ficaces
548 974 715 1022 preces
747 957 867 1006 sunt.
999 1004 1005 1010 .

405 1023 472 1073 X.
490 1024 515 1073 J
521 1043 598 1072 am
614 1026 878 1074 admodum
894 1026 1098 1092 mitigati
1118 1025 1263 1074 animi
1278 1025 1423 1090 raptis
1445 1035 1582 1072 erant
1600 1036 1621 1082 ;

290 1118 293 1119 ⁷
337 1104 387 1140 at
414 1108 655 1157 raptarum
686 1109 909 1159 parentes
933 1109 1035 1141 tum
1063 1093 1272 1142 maxime
1306 1090 1499 1140 sordida
1531 1105 1622 1140 ve-

336 1158 404 1208 ste
429 1198 443 1218 ‚
469 1161 790 1227 lacrymisque
812 1199 827 1220 ‚
858 1161 911 1209 &
955 1162 1160 1226 querelis
1198 1162 1414 1210 civitates
1447 1159 1622 1207 conci-

337 1227 520 1277 tabant.
551 1228 657 1276 Nec
691 1230 826 1278 domi
857 1230 1043 1277 tantum
1075 1228 1431 1295 indignationes
1460 1226 1622 1274 conti·

335 1296 521 1344 nebant
540 1333 553 1355 ‚
587 1296 666 1345 sed
694 1296 1108 1363 congregabantur
1124 1297 1338 1362 undique
1358 1294 1419 1342 ad
1447 1292 1626 1342 Titum

339 1359 539 1411 Tatium
560 1363 588 1412 6
613 1380 777 1431 regem
803 1364 1122 1414 Sabinorum:
1151 1364 1202 1413 &
1230 1364 1496 1430 legationes
1523 1361 1584 1409 eo
1603 1397 1623 1420 ,

340 1432 478 1496 quod
498 1433 761 1480 maximum
782 1429 913 1480 Tatii
944 1448 1127 1481 nomen
1161 1433 1210 1480 in
1238 1432 1308 1479 his
1341 1429 1621 1496 regionibus

342 1513 446 1547 erat
474 1536 488 1559 ‚
520 1500 898 1549 conveniebant.
923 1498 1262 1559 Caeninenses,
1296 1496 1623 1547 Crustumini-

342 1583 472 1632 que,
507 1566 560 1616 &
591 1565 912 1616 Antemnates
938 1582 1104 1628 erant,
1133 1567 1195 1616 ad
1226 1583 1349 1633 quos
1372 1563 1474 1630 ejus
1499 1563 1624 1628 inju-

345 1636 429 1682 riae
455 1652 563 1700 pars
593 1636 886 1700 pertinebat.
911 1635 1065 1685 Lente
1095 1651 1238 1702 agere
1260 1636 1315 1683 iis
1332 1631 1503 1682 Tatius
1531 1630 1625 1681 Sa:-

347 1701 547 1768 binique
577 1702 663 1752 visi
687 1702 808 1751 sunt.
834 1701 926 1768 Ipsi
952 1705 1078 1753 inter
1097 1702 1144 1753 se
1168 1716 1263 1751 tres
1287 1701 1459 1767 populi
1485 1716 1626 1749 com-

349 1773 561 1819 muniter
605 1770 787 1820 bellum
835 1786 1017 1838 parant.
1060 1770 1138 1820 Ne
1185 1768 1474 1819 Crustumini
1511 1768 1627 1832 qui-

353 1837 468 1886 dem
487 1853 628 1904 atque
648 1839 966 1888 Antemnates
983 1876 997 1898 ‚
1022 1857 1113 1905 pro
1136 1838 1305 1887 ardore
1324 1839 1490 1903 iraque
1514 1833 1628 1884 Cae-
1697 1848 1701 1851 ¹

180 1905 623 1954 'Bellumninensium
651 1905 757 1956 satis
784 1906 829 1955 se
864 1908 1066 1974 impigre
1088 1920 1292 1956 movent
1322 1906 1422 1965 ;ita
1453 1919 1539 1969 per
1559 1901 1630 1951 se·

152 1974 274 2014 Caeni-
354 1972 508 2039 ipsum
529 1989 561 2036 7
586 1992 767 2024 nomen
792 1972 1044 2024 Caeninum
1066 1976 1116 2023 in
1145 1991 1315 2041 agrum
1348 1971 1634 2021 Romanum

149 2033 283 2092 ΜΨ·
317 2065 320 2068 ’
354 2043 593 2108 impetum
622 2041 754 2092 facit.
790 2040 889 2092 Sed
929 2041 1076 2093 effuse
1109 2040 1401 2094 vastantibus
1443 2037 1499 2088 fit
1533 2039 1631 2087 ob-

420 2140 440 2179 5
463 2126 545 2174 Ut,
565 2126 796 2183 quumsuam
813 2131 960 2184 vicem]
1027 2129 1203 2172 caritatis
1231 2128 1392 2169 modum
1410 2154 1421 2174 ,
1454 2140 1535 2182 quo
1562 2140 1630 2180 pa·

361 2186 449 2237 Ut,
473 2205 583 2243 quum
611 2189 826 2230 secundum
852 2190 963 2246 suam
1025 2192 1112 2232 triae
1155 2192 1196 2232 &
1229 2200 1439 2244 parentum
1476 2187 1634 2229 amifl'o·

358 2249 798 2304 vicem,seu,quodad
814 2253 850 2292 se
868 2268 964 2305 pro·
1026 2267 1114 2294 rum
1153 2252 1212 2292 illi
1246 2251 1435 2306 jaSturam
1473 2248 1632 2291 defide-

360 2311 450 2365 ptie
482 2311 627 2364 specstat
649 2341 663 2358 ‚
697 2313 766 2352 suo
810 2312 964 2369 quisque
1026 2316 1207 2368 riumque
1241 2313 1418 2367 expleat.

353 2370 509 2425 sum-‘ius
523 2371 825 2426 officiofit,i.e.
843 2390 962 2429 quum
1090 2376 1115 2417 6
1155 2375 1299 2430 Regem
1344 2372 1579 2414 Sabinorum
1609 2371 1636 2426 Ῑ

360 2447 455 2473 eum
487 2432 565 2473 suae
598 2434 759 2488 quisque
802 2437 967 2493 conjugi
1028 2435 1249 2489 Quiritium
1275 2463 1287 2484 ,
1335 2434 1570 2476 Sabinorum
1607 2445 1637 2474 e

361 2507 539 2535 amorem
568 2495 789 2548 praestiterit
809 2525 822 2544 ,
849 2513 965 2552 quem
1029 2499 1219 2539 Curibus.

361 2555 425 2595 vir
444 2555 560 2596 uxori
582 2556 725 2598 debeat
745 2571 760 2605 ;
786 2561 968 2602 cumula·
1091 2573 1119 2610 7
1138 2560 1294 2600 Nomen
1313 2556 1531 2611 caminum]
1547 2555 1632 2609 Po-¹

362 2615 514 2659 &iorem
554 2617 713 2674 insuper
760 2618 965 2675 impendat
1025 2622 1145 2676 putus
1169 2618 1382 2663 Caenina&
