1689 3083
396 118 443 174 L
486 132 508 172 1
556 131 591 172 B
635 131 671 173 E
712 132 752 173 R
845 118 870 175 Ι
908 121 950 175 Ι.
1187 137 1300 198 197

33 207 195 249 ¹memus
214 196 364 264 fc'zcere
395 217 410 246 .-
448 199 676 262 captivum
705 214 858 263 agrum
882 197 1009 262 plebi
1038 200 1171 262 qua'm
1202 220 1296 248 ma·
1309 214 1503 266 U,c‚275;

33 266 156 314 xime*
186 265 417 330 aequaliter
440 267 624 322 ἀπεῖπε,-
658 279 688 327 9
719 283 868 312 verum
897 262 978 326 effi
1004 266 1157 312 hahere
1193 270 1501 325 eos,a.C.477·

34 350 216 396 quorum
234 330 457 397 sanguine
489 349 543 378 ac
566 330 727 394 ficdore
749 346 911 397 partus
937 332 1015 394 sit.
1046 331 1302 397 Aspernati

31 397 192 448 Patres
232 398 379 446 sunt:
431 396 580 464 questi
626 416 819 464 quoque
873 398 1067 464 quidam
1094 435 1109 458 ‚
1158 400 1305 448 nimia

33 466 185 533 gloria
210 481 230 513 1
253 466 488 514 luxuriare
513 467 563 514 &
586 465 871 514 evanescere
895 467 1114 514 vividum
1147 484 1307 531 quon-

9 533 148 582 „dam
169 533 285 582 illud
309 531 522 581 Caesonis
550 536 809 600 ingenium.
846 532 1002 581 Nullae
1027 534 1202 582 deinde
1232 552 1310 582 ut·-

33 600 167 650 banae
202 600 432 649 faciiones
467 600 617 650 fuere.
670 600 984 648 Vexabantur
1025 600 1310 649 incursioni-

36 669 125 717 bus
161 668 427 734 AEquorum
452 668 640 726 Latini3
680 670 741 717 eb
775 685 884 715 cum
921 671 1133 716 exercitu
1169 667 1309 718 Caeso

36 734 193 784 missus
213 773 226 794 ‚
261 737 308 783 in
349 735 561 800 ipsorum
595 735 864 801 AEquorum
893 753 1057 801 agrurn
1089 736 1312 802 depopu-

34 803 229 854 landum
251 803 424 851 transit.
449 803 595 869 AEqui
619 802 663 851 se
691 807 738 850 in
769 803 949 868 oppida
985 819 1274 868 receperunt
1292 840 1310 865 ,

35 869 270 936 murisque
299 871 344 919 se
371 872 629 919 tenebant:
665 887 726 919 eo
758 870 886 918 nulla
925 889 1085 937 pugna
1120 889 1313 920 memo-

23 938 195 987 ·rabilis
227 937 330 986 fuit.
364 938 429 986 At
454 957 479 986 a
505 938 716 987 Veiente
736 936 868 986 hoste
894 939 1054 986 clades
1077 956 1304 1004 accepta,

37 1006 309 1055 temeritate
331 1006 519 1054 alterius
543 1006 741 1054 consulis
764 1022 775 1053 :
808 1005 1059 1071 actumque
1084 1006 1142 1055 de
1162 1023 1250 1055 exe
1262 1026 1310 1055 r-

37 1075 134 1122 citu
165 1072 319 1134 foret,
364 1076 412 1121 ni
447 1072 583 1122 Caeso
620 1072 790 1121 Fabius
831 1075 879 1121 in
914 1088 1134 1138 ternpore
1171 1074 1314 1123 subsst

39 1141 121 1190 dio
140 1139 356 1190 veniffet.
378 1140 445 1188 Ex
467 1158 526 1188 eo
547 1156 768 1206 ternpore
786 1177 801 1200 ‚
826 1157 982 1206 neque
1003 1159 1095 1206 pax
1110 1180 1122 1201 ‚
1150 1159 1312 1208 neque

44 1206 370 1257 bellum'cum
409 1209 693 1257 Veientibus
727 1207 858 1267 fuit3
911 1225 984 1257 res
1024 1226 1050 1255 2
1089 1211 1312 1274 proxime

37 1274 241 1326 formam
281 1277 512 1324 latrocinii
546 1291 762 1325 venerat.
795 1275 1087 1342 Legionibus
1118 1277 1312 1326 Roma-

41 1344 114 1392 nis
147 1343 380 1393 cedebant
413 1347 460 1391 in
483 1343 676 1392 urbem:
713 1344 791 1391 ubi
822 1343 1047 1392 abducitis
1073 1343 1311 1395 senserant

39 1411 255 1476 legiones
280 1450 295 1472 ,
326 1429 466 1478 agros
500 1411 793 1460 incursabant
825 1428 838 1471 ;
882 1411 1063 1459 bellum
1101 1416 1262 1479 quiete
1292 1427 1326 1474 ‚'

14 1481 254 1544 'quietem
290 1481 418 1529 bello
455 1481 665 1528 invicem
710 1478 979 1527 eludentes.
1030 1478 1098 1528 Ita
1149 1498 1311 1547 neque

42 1548 197 1608 omitti
228 1561 330 1596 tota
364 1564 467 1604 res,
500 1565 655 1614 neque
687 1545 853 1612 perfici
877 1561 1096 1612 poterat3
1135 1549 1187 1596 ὅ(
1220 1550 1311 1598 alia

41 1613 167 1663 bella
211 1630 288 1663 aut
336 1614 582 1680 praesentia
631 1614 899 1672 instabant,
944 1630 994 1661 ut
1037 1616 1095 1663 ab
1143 1615 1311 1681 AEquis

45 1679 330 1748 Volscisque
357 1718 371 1740 ,
413 1701 512 1730 non
552 1683 753 1742 diutim,
791 1681 935 1748 quarn
971 1699 1134 1731 recens
1170 1684 1314 1733 dolor

43 1749 275 1815 proxi'mae
319 1750 463 1798 cladis
505 1749 754 1808 transiret,
798 1750 1183 1814 quiescentibus;
1230 1766 1314 1801 aut

45 1833 161 1865 mox
215 1833 430 1866 moturos
484 1817 527 1866 se
570 1820 832 1883 apparebat
877 1818 1079 1866 Sabinos
1123 1819 1314 1884 semper

44 1883 242 1933 infestos
275 1922 290 1943 ‚
347 1884 674 1951 Etruriamque
723 1902 957 1942 ornnem3
1003 1886 1082 1935 sed
1127 1886 1314 1938 Veiens

14 1951 16 1953 ’
45 1950 190 1999 hostis
211 1990 222 2009 ‚
264 1950 463 2006 affiduus
492 1957 639 2020 magis
662 1952 802 2019 quam
838 1957 991 2019 gravis
1014 1993 1027 2013 ,
1061 1969 1314 2004 contume-

44 2018 118 2067 liis
143 2018 307 2085 saepius
327 2020 468 2085 quarn
491 2023 703 2085 periculo
721 2023 902 2069 animos
927 2023 1157 2087 agitabat:
1176 2023 1315 2089 quod

47 2086 182 2136 nullo
215 2103 438 2153 ternpore
460 2090 636 2155 negligi
673 2104 862 2155 poterat
882 2126 895 2148 ,
929 2106 1008 2137 aut
1034 2092 1185 2139 averti
1218 2092 1315 2140 alib

50 2173 225 2214 citiffim'e
270 2174 435 2222 Patres,
486 2187 528 2214 ut
573 2176 649 2214 hoc
715 2175 772 2214 &a
805 2189 826 2213 a
869 2175 985 2214 nimia
1025 2176 1318 2218 frumentorum

49 2248 191 2275 munus
216 2237 262 2275 ab
280 2236 449 2289 ipsorum
469 2236 651 2291 benigni·
714 2235 752 2275 in
774 2236 905 2276 herbis
929 2238 1042 2289 copia
1063 2266 1073 2285 ,
1104 2253 1192 2292 quae
1213 2239 1318 2293 saepe

26 2337 38 2345 f,
51 2306 138 2336 tate
165 2297 276 2348 plebs
305 2299 487 2338 haberet.
714 2297 756 2336 in
788 2298 923 2336 tenuia
958 2300 999 2340 δι
1036 2299 1165 2339 inania
1197 2314 1319 2356 grana

114 2368 141 2409 9
165 2356 341 2410 Verum]
371 2358 559 2412 AEquum.
716 2359 933 2398 evanescit.

80 2416 95 2422 “
121 2429 135 2457 1
158 2418 372 2458 Luxuriam
399 2420 433 2459 δ’
456 2416 653 2473 evanesce·
779 2433 803 2458 2
822 2418 1180 2474 Proximefbrmam
1195 2421 1322 2461 latro-

54 2478 130 2531 re]
177 2479 325 2518 Levem
360 2479 652 2532 jaRantiorem-
716 2481 813 2521 cinit·
836 2486 1032 2537 venerat]
1066 2484 1195 2535 Prope
1215 2482 1321 2521 fimi-

54 2553 133 2592 que
167 2538 281 2590 fieri,
313 2540 352 2582 &
378 2541 416 2580 in
443 2555 539 2582 vana
561 2556 654 2582 con-
717 2543 765 2583 lis
797 2551 880 2582 erat
907 2543 1136 2583 latrocinio.
1172 2542 1324 2583 Proxi-

38 2593 134 2640 ‘filia
156 2614 322 2652 pronum
343 2630 353 2650 ‚
385 2603 655 2658 vanaevgloriae
718 2601 775 2644 ηιὲ
796 2602 997 2658 formam,
1027 2605 1229 2657 quomodo
1259 2605 1323 2644 stt-

54 2671 330 2715 appetentem.
347 2663 573 2709 Similitudo
585 2665 657 2707 du·
717 2667 790 2720 pta
824 2678 863 2708 c.
893 2677 947 2717 41
971 2691 984 2714 ‚
1005 2665 1169 2721 propius
1179 2664 1324 2722 fidem.
