1689 3083
424 108 781 163 LIBER
879 108 981 163 11.
1240 119 1352 184 205

87 183 236 252 magis
252 198 413 235 tamen
432 184 779 234 Menenianum
808 181 830 250 (
855 198 874 230 1
897 185 1023 233 adeo
1050 197 1356 236 mutaverant
1371 196 1566 247 U.c.279.·

86 252 338 319 animum)
366 253 545 319 profuit
573 250 817 315 judicium.
1372 253 1562 303 a-,C-473·

152 318 279 368 LIII.
314 319 593 369 Certamina
624 319 756 367 domi
779 317 929 366 finita.
961 316 1147 366 Veiens
1173 319 1352 367 bellum
1401 328 1566 381 Bellum

52 407 56 410 “
82 401 336 447 exortum3
368 390 536 453 quibus
565 386 727 435 Sabini
752 404 881 433 arma
905 382 1269 447 conjunxerant.
1301 385 1352 434 P.
1374 391 1518 431 Veiens

83 450 303 503 Valerius
325 455 515 515 consul,
539 457 698 503 accitis
713 453 992 501 Latinorum
1010 453 1353 500 Hernicorum·
1373 454 1410 492 ὃ·
1447 451 1563 494 Sabi·

82 535 175 583 que
196 523 375 570 auxiliis
395 560 409 582 ‚
442 540 551 570 cum
580 524 789 571 exercitu
811 521 967 568 Veios
990 519 1144 567 rniss'us
1163 558 1175 579 ‚
1211 519 1357 568 castra
1371 527 1479 556 num.

81 585 254 637 Sabina
276 627 294 648 ,
341 608 444 656 quae
491 608 579 655 pro
622 589 860 637 moenibus
908 587 1146 636 sociorum
1199 587 1357 636 locata

82 670 216 704 erant
241 694 255 717 ‚
289 656 540 706 confestim
568 656 840 723 aggreditur
866 673 875 701 2
912 669 1191 720 tantamque
1212 657 1360 719 trepi-

80 721 326 773 dationem
348 725 510 789 injecit
531 763 545 785 ,
575 740 626 772 ut
650 761 664 782 .,
696 724 810 770 dum
831 721 1019 787 disperfi
1041 724 1115 770 alii
1137 722 1227 770 alia
1249 741 1355 771 rna-

81 791 334 854 nipulatim
359 807 614 841 excurrunt
633 791 693 838 ad
716 790 973 838 arcendam
997 791 1200 838 hostium
1219 792 1320 838 vim
1336 827 1354 849 ,

81 872 137 904 ea
162 876 302 923 porta
320 863 391 908 cui
409 860 537 926 signa
558 861 764 924 primum
786 860 1010 905 intulerat
1032 896 1045 915 ‚
1070 872 1353 922 caperetur3

79 924 200 972 intra
221 928 399 975 vallum
427 929 600 976 deinde
626 928 778 974 caedes
799 927 950 991 magis
972 925 1116 990 quam
1140 926 1355 990 praelium

81 990 192 1041 effe.
221 993 479 1043 Tumultus
507 1013 532 1044 e
566 992 718 1041 castris
752 994 798 1040 ὃ(
828 995 875 1039 in
907 993 1074 1040 urbem
1107 1008 1356 1057 penetrat3

81 1073 327 1126 tamquam
352 1062 488 1111 Veiis
528 1064 673 1126 captis
695 1099 709 1119 ‚
745 1063 807 1107 ita
836 1061 1001 1126 pavidi
1031 1060 1266 1109 Veientes
1293 1061 1357 1110 ad

79 1144 212 1176 arma
242 1147 432 1179 currunt
455 1149 468 1189 ;
502 1148 609 1195 pars
636 1128 817 1177 Sabinis
839 1144 953 1176 eunt
972 1127 1175 1176 subsidio
1194 1166 1211 1186 ,
1247 1146 1356 1193 pars

19 1200 22 1204 ’
80 1193 332 1245 Romanos
372 1214 478 1246 toto
515 1200 698 1262 impetu
731 1197 943 1244 intentos
975 1197 1022 1242 in
1057 1195 1200 1243 castra
1232 1196 1357 1244 ado-

78 1263 278 1316 riuntur.
307 1264 544 1331 Paulisper
563 1264 711 1313 aversi
731 1264 999 1328 turbatique
1019 1262 1122 1311 sunt
1144 1282 1157 1319 ·,
1180 1264 1357 1312 deinde

76 1329 128 1378 δε
156 1330 240 1396 ipsi
271 1332 474 1399 utroque
508 1331 650 1380 versis
685 1330 822 1397 signis
851 1330 1097 1380 resistunt:
1132 1331 1183 1379 &
1205 1348 1357 1396 eques

76 1398 137 1446 ab
173 1399 366 1449 consule
403 1398 626 1447 immiffus
669 1399 854 1447 Tuscos
896 1398 1053 1446 fundit
1089 1398 1356 1466 fugatque;

77 1466 345 1533 eademque
373 1468 490 1516 hora
516 1470 612 1514 cluo
644 1469 877 1516 exercitus
898 1505 912 1526 ‚
948 1467 1148 1532 duaeque
1170 1482 1355 1532 poten-

75 1532 259 1581 tiffimae
298 1537 349 1582 &
386 1538 605 1583 maximae
651 1535 863 1583 finitimae
903 1551 1072 1601 gentes
1121 1534 1352 1600 superatae

73 1599 195 1650 sunt.
214 1601 347 1650 Dum
368 1603 467 1650 haec
487 1605 545 1650 ad
563 1603 715 1651 Veios
732 1620 975 1670 geruntur,
991 1601 1156 1650 Volsci
1174 1603 1352 1667 AEqui-
1399 1604 1560 1647 Bellum

74 1685 167 1734 que
193 1671 241 1716 in
271 1669 442 1719 Latino
473 1689 588 1737 agro
618 1671 871 1737 posuerant
899 1670 1042 1718 castra
1062 1707 1076 1730 ‚
1106 1671 1351 1736 populati·
1427 1682 1511 1736 ⁶1¹0}

73 1753 167 1801 que
193 1735 314 1786 fines
345 1752 515 1797 erant3
550 1755 635 1787 eos
656 1757 742 1804 per
763 1738 808 1786 se
839 1737 922 1803 ipsi
955 1737 1141 1797 Latini,
1171 1737 1350 1786 assum·
1368 1725 1541 1796 V02s⁶¹⁵‚

71 1805 166 1868 ptis
194 1803 415 1853 Hernicis
436 1843 450 1864 ‚
483 1805 578 1855 fine
603 1806 829 1856 Romano
855 1822 933 1854 aut
955 1806 1078 1854 duce
1109 1820 1187 1855 aut
1215 1787 1561 1854 auxi-&AEffffi

73 1871 139 1918 lio
163 1908 179 1930 ‚
218 1871 376 1920 castris
420 1890 668 1922 exuerunt.
709 1873 898 1941 Ingenti
934 1874 1131 1939 praeda,
1175 1890 1352 1940 praeter

29 1984 31 1988 .
69 1938 171 1986 suas
193 1955 493 2005 recuperatas
524 1958 598 1989 res
621 1978 636 2000 ‚
665 1944 808 2006 potiti
832 1941 949 1990 sunt.
996 1940 1160 1989 Missus
1183 1957 1350 1992 tamen

70 2007 129 2053 ab
166 2006 325 2055 Roma
357 2007 520 2056 consul
549 2011 597 2057 in
633 2009 840 2058 Volscos
873 2008 934 2058 C.
974 2008 1193 2058 Nautius.
1233 2009 1353 2060 Mos

73 2073 221 2122 credo
246 2093 346 2122 non
383 2076 604 2140 placebat
626 2115 638 2135 ‚
676 2076 771 2138 fine
795 2076 1022 2125 Romano
1054 2077 1181 2134 duce,
1215 2095 1355 2126 exer-

73 2142 268 2207 cituque
292 2142 446 2192 socios
468 2146 671 2210 propriis
691 2147 869 2193 viribus
898 2144 1194 2212 consiliisque
1224 2145 1353 2196 bella

74 2224 276 2272 gerere3
309 2211 488 2259 nullum
527 2230 676 2278 genus
714 2214 992 2261 calamitatis
1022 2214 1354 2262 contumeliae-

69 2291 162 2340 que
184 2294 281 2325 non
301 2278 483 2327 editum
503 2281 550 2326 in
577 2280 782 2329 Volscos
801 2278 867 2329 est
892 2299 904 2327 :
929 2296 1019 2329 nec
1038 2295 1202 2330 tamen
1228 2298 1351 2348 per-¹

42 2386 45 2389 .
70 2343 185 2406 pelli
210 2361 413 2408 potuere
434 2384 449 2407 ,
479 2362 530 2396 ut
557 2349 661 2397 acie
687 2349 985 2397 dimicarent.

137 2459 155 2486 1
179 2448 293 2487 Adeo
318 2463 563 2490 mutaverant
592 2450 674 2491 ani.
740 2464 813 2503 51.
865 2451 1005 2493 Illores
1068 2453 1216 2507 quidem
1270 2468 1345 2508 po·

66 2523 164 2547 mum
190 2535 194 2558 3
218 2510 351 2550 Valde
381 2510 588 2552 Livianum
618 2513 674 2552 es·
731 2513 821 2568 puli
849 2513 1018 2555 Romani
1049 2527 1228 2569 quantum
1261 2530 1345 2555 mu-

69 2569 128 2608 set
153 2570 293 2611 :Adeo
320 2583 564 2612 mutaverant
591 2574 677 2613 ani·
737 2575 926 2616 taverint.

68 2630 137 2672 mi.
177 2631 242 2673 Sic
289 2633 319 2674 l.
356 2632 546 2675 XXXIX
580 2662 593 2683 ,
637 2649 676 2681 c.

950 2692 989 2742 L
1024 2691 1078 2760 iij
