1653 3078
480 130 526 185 L
569 145 592 183 1
631 147 665 187 3
708 146 743 186 E
791 146 831 184 R
926 130 968 184 Ι.
1261 142 1338 203 39

72 212 228 262 decim
265 207 449 258 menses
492 207 708 259 describit
747 224 927 257 annum
960 223 973 263 3
1011 222 1155 270 quem
1191 205 1340 274 (quia

68 282 276 328 tricenos
317 277 417 325 dies
450 274 638 342 singulis
681 275 915 325 'mensibus
958 273 1068 319 luna
1113 290 1213 321 non
1253 292 1343 323 ex·

46 347 200 412 splet‚
236 361 262 392 2
289 344 550 408 desuntque
578 344 677 391 dies
708 344 858 393 solido
898 358 1024 388 anno
1064 340 1145 404 qui
1187 340 1342 388 solsti-

21 468 25 469 ⁷
67 414 166 461 tiali
204 413 539 477 circumagitur
582 411 739 477 orbe)
771 408 1128 458 intercalaribus
1169 408 1342 455 menfi-

67 481 154 529 bus
194 480 559 545 interponendis
582 517 598 539 ‚
641 481 704 527 ita
739 476 1054 542 dispensavit,
1088 490 1138 522 ut
1166 492 1339 539 quarto

69 548 121 595 &
137 546 368 613 vigesimo
399 565 524 596 anno
546 548 607 595 ad
624 561 801 594 metam
832 544 1055 593 eamdem
1080 541 1190 590 solis
1212 542 1342 592 unde

67 613 156 664 orfi
206 613 387 674 essent,
439 616 595 680 plenis
641 630 876 661 annorum
918 613 1138 659 omnium
1186 608 1346 676 spatiis

71 697 93 747 3
115 682 214 731 dies
231 697 573 750 congruerent.
595 680 732 730 Idem
754 698 785 741 4
808 677 1014 728 nefastos
1055 677 1157 726 dies
1177 677 1347 726 fastos-

68 766 161 815 que
207 749 358 798 fecit:
395 751 505 816 quia
537 748 796 814 aliquando
844 747 961 796 nihil
1009 763 1119 794 cum
1156 747 1346 813 popu-lo

69 819 146 884 agi
177 819 296 865 utile
335 816 545 865 futurum
587 832 706 865 erat.

136 883 250 933 XX.
281 884 412 933 Tum
435 884 759 933 sacerdotibus
784 880 1001 931 creandis
1021 882 1233 928 animum
1260 879 1349 928 ad-

66 949 181 1017 jecit
206 970 215 999 t
237 969 527 1018 quamquam
551 951 647 1017 ipse
674 952 877 1016 plurima
904 948 1029 998 sacra
1059 948 1255 1008 obibat,
1287 964 1347 997 ea

67 1021 276 1068 maxime
308 1037 410 1085 quae
439 1036 564 1068 nunc
597 1019 657 1068 ad
683 1034 701 1085 5
732 1018 928 1067 Dialem
962 1016 1209 1065 flaminem
1234 1033 1349 1082 per-

69 1135 264 1162 annorum
292 1121 424 1176 spatiis
449 1122 559 1169 ,dies
588 1136 676 1161 cum

62 1182 163 1224 ‘solis
218 1183 333 1224 cursu
384 1184 675 1238 congruebant.

70 1243 148 1285 His
178 1255 312 1284 autem
339 1245 521 1284 omnibus
548 1245 677 1284 inter-

0 1328 3 1329 ν
72 1306 337 1346 calationibus
359 1306 570 1345 destinatus
593 1316 678 1346 erat

72 1367 309 1406 Februarius
347 1367 513 1414 mensis,
560 1367 674 1419 cujus

72 1428 158 1482 post
185 1428 346 1479 tertium
384 1429 423 1469 ὃ(
450 1427 674 1468 vicesimum

74 1489 177 1529 diem
218 1490 542 1529 intercalabatur.
576 1489 676 1530 Haec

72 1564 155 1591 non
176 1550 315 1592 inscite
337 1551 518 1591 ordinata
539 1553 675 1590 turba-

73 1613 143 1653 bat
162 1612 394 1666 pontificum
414 1641 425 1659 ,
447 1612 588 1667 quibus
606 1627 675 1652 an-

73 1674 114 1714 ni
145 1675 341 1728 dirigendi
377 1689 470 1714 cura
514 1675 675 1715 deman-

75 1735 164 1775 data
193 1747 302 1786 erat,
335 1736 477 1790 partim
512 1736 677 1791 imperi-

76 1796 162 1846 tia,
194 1797 335 1849 partim
375 1797 574 1838 ambitio:
610 1799 677 1851 qui

76 1867 230 1899 temere
258 1872 302 1897 ac
328 1873 402 1912 pro
429 1859 591 1899 libidine
608 1888 618 1906 ‚
637 1859 676 1899 in

77 1918 240 1973 gratiam
261 1920 363 1972 saepe
377 1922 676 1974 publicanorum

74 1992 142 2020 aut
157 1981 380 2034 principum
401 1982 542 2022 civium
559 2010 570 2029 ,
607 1997 677 2022 an-

75 2054 168 2081 num
202 2053 270 2081 aut
307 2043 567 2084 decurtabant
598 2042 678 2083 sine

76 2102 307 2144 necestitate
356 2116 424 2144 aut
475 2106 678 2157 produce-

76 2165 186 2204 bant.
214 2165 319 2205 Huic
345 2165 562 2206 confusioni
587 2177 679 2206 tan-

78 2218 168 2264 dem
196 2227 413 2267 remedium
444 2229 579 2267 attulit
619 2229 679 2268 di-

77 2285 204 2326 &ator
235 2286 365 2328 Caesar
394 2316 406 2336 ,
440 2288 679 2344 AEgyptios·

79 2361 156 2400 que
189 2348 362 2390 imitatus
394 2365 539 2391 annum
572 2352 682 2391 sola-

76 2421 162 2447 rem
198 2409 386 2457 instituit,
426 2425 505 2465 quo
539 2413 682 2452 etiam·-

77 2483 169 2509 num
189 2498 199 2514 ‚
225 2472 438 2512 emendato
471 2483 605 2514 tamen
641 2474 681 2515 in

76 2532 305 2584 quibusdam
326 2560 338 2580 ,
365 2534 528 2575 utimur.

140 2615 164 2642 2
186 2599 377 2657 Desunt]
399 2603 558 2645 Desunt
575 2618 682 2645 anno

62 2653 203 2704 ‘lunari
224 2665 309 2706 dies
335 2664 384 2706 ad
402 2667 684 2722 complemen-

740 1131 822 1161 tum
847 1120 958 1160 solidi
990 1120 1080 1161 anni
1111 1119 1242 1173 qui....

804 1182 936 1234 3Dies
950 1182 1225 1237 congruerent]
1244 1180 1348 1223 Dies

739 1257 933 1283 annorum
963 1245 1136 1283 civilium
1156 1245 1238 1296 pari
1258 1258 1348 1283 cum

741 1305 880 1344 diebus
917 1319 1112 1345 annorum
1162 1305 1349 1344 solarium

739 1380 907 1406 numero
923 1367 1075 1406 cursum
1089 1366 1348 1406 absolverent

737 1428 788 1467 ad
831 1429 1011 1468 eamdem
1059 1439 1206 1467 metam
1252 1427 1347 1468 solis

742 1489 846 1530 unde
874 1488 948 1529 orsi
970 1502 1098 1529 erant.

799 1563 829 1600 4
866 1550 1053 1605 Nefastos
1090 1550 1170 1591 dies
1197 1548 1347 1605 fastos-

741 1614 837 1667 que]
860 1613 965 1663 Fasti
986 1614 1071 1653 dies
1093 1624 1205 1652 erant
1227 1642 1237 1658 ,
1265 1615 1350 1667 qui·

740 1676 811 1716 bus
826 1675 972 1715 licebat
986 1676 1060 1715 tria
1080 1676 1202 1715 verba
1222 1674 1354 1715 solen-

740 1738 803 1777 nia
823 1737 922 1784 fari,
942 1737 1014 1776 Do
1033 1765 1046 1783 ,
1069 1737 1182 1777 Dico
1201 1736 1353 1784 ‚Addi-

742 1814 820 1846 co3
844 1798 910 1839 seu
928 1800 1035 1839 ferre
1060 1800 1165 1839 dere
1184 1810 1353 1839 contro-

741 1860 852 1900 versa
867 1860 1070 1914 injudicio
1084 1861 1350 1901 sententiam:

739 1921 879 1975 nefasti
892 1949 904 1968 ‚
924 1923 1065 1976 quibus
1084 1936 1163 1961 non
1181 1923 1349 1962 licebat.

740 1983 911 2023 Nefastis
945 1996 1078 2023 autem
1116 1983 1255 2023 diebus
1288 1983 1354 2037 agi

742 2059 829 2084 cum
858 2046 1016 2098 populo
1050 2059 1131 2084 non
1160 2055 1350 2099 poterat,

741 2107 768 2146 i.
791 2120 828 2146 e.
864 2108 1034 2160 populus
1070 2121 1150 2146 non
1186 2116 1353 2161 poterat

742 2168 783 2208 in
814 2167 1035 2222 suffragium
1061 2169 1180 2210 mitti.

808 2241 826 2278 5
843 2229 1251 2284 Dialemflaminem]
1273 2228 1352 2271 Jo-

741 2290 806 2331 vis
845 2291 1110 2332 sacerdotem.
1160 2291 1351 2332 Flaminis

742 2352 1054 2404 appellationem
1105 2353 1239 2393 Festus
1279 2354 1352 2391 de-

744 2414 854 2453 ducit
873 2413 982 2469 afilo
998 2443 1008 2461 ,
1031 2428 1111 2468 quo
1128 2425 1246 2466 caput
1267 2413 1351 2452 cin·

745 2474 848 2514 &um
902 2476 1080 2536 flamines
1131 2476 1349 2514 habebant.

744 2536 910 2577 Flamen
926 2537 1019 2579 Jovi
1050 2537 1224 2576 addit'lus
1244 2535 1349 2574 Dia·
1392 2580 1397 2581 ⁷

745 2604 795 2644 lis
812 2606 936 2646 dicius
969 2604 1022 2644 est
1048 2595 1133 2644 aim-‘e
1153 2599 1209 2644 vi?
1229 2597 1321 2647 Διός
1336 2630 1353 2653 ,

745 2664 827 2708 five
853 2682 873 2708 a
893 2666 1046 2710 Diiove
1063 2695 1074 2713 ,
1094 2677 1173 2718 quo
1190 2664 1351 2707 nomine

946 2722 1082 2774 Div
