1668 3078
292 113 424 190 xviij
589 111 1253 173 PRAEFATIO.

293 208 460 243 tamen
476 191 703 260 sequutos
723 194 814 244 esse
835 196 1000 245 video.
1021 193 1142 244 Ver*
1185 247 1190 250 ,
1225 196 1255 244 ii
1277 212 1367 245 nos
1394 192 1564 262 profe·

296 260 372 310 &b
404 261 612 311 ludibrio
649 263 855 322 habent,
897 265 977 328 qui
1022 281 1115 324 quu
1157 267 1165 277 “’
1209 263 1405 313 ἀίτεέὶεε
1442 281 1566 313 con-

296 330 462 380 ciones
497 329 787 395 reprobent,
818 328 890 394 jus
916 329 998 378 fibi
1028 329 1119 380 esse
1152 329 1418 381 existimant
1437 331 1568 380 obli-

292 414 411 463 quas
433 434 448 455 ‚
483 398 831 464 quantumlibet
883 397 1091 464 prolixas
1124 436 1140 459 ‚
1174 401 1222 447 in
1262 417 1386 465 opus
1431 398 1566 448 suum

294 466 591 514 includendi.
621 464 751 514 Nihil
783 482 900 532 ergo
936 465 1127 515 videtur
1151 465 1345 526 afferri,
1372 464 1568 515 cur‘Li-

294 535 382 582 vio
414 532 514 582 suas
546 536 788 583 orationes
815 534 939 584 vitio
974 551 1029 583 ac
1060 533 1211 600 culpae
1256 535 1356 584 dari
1387 534 1568 584 debere

295 615 682 668 pronuntiemus.

50 685 288 731 *DePata-
368 668 437 718 At
483 672 605 718 circa
653 668 862 718 formam
908 667 1142 736 loquendi
1183 667 1570 735 elegantiamque

91 749 258 790 vinitaee
300 735 532 787 sermonis
565 737 700 786 litem
732 738 776 784 ei
797 736 978 786 dudum
1012 738 1170 785 movit
1199 738 1272 784 vir
1297 738 1491 804 ingenio
1518 737 1572 784 &

92 809 217 852 Livii.
299 804 579 871 eloquenti&
604 803 918 865 clarissimus,b
949 805 1139 853 Asinius
1180 803 1336 854 Pollio
1357 841 1370 864 ,
1405 806 1485 870 qui
1523 804 1572 852 in

297 889 360 924 eo
384 872 580 939 putabat
599 868 742 921 inesse
769 872 1028 938 quamdam
1053 873 1414 922 Patavinitatem
1430 907 1448 930 ,
1470 868 1570 920 sive

294 940 567 990 locutiones
622 939 848 1006 quasdam
902 956 1006 1006 quae
1057 937 1378 999 Patavinum,
1419 951 1470 987 ut
1509 939 1575 987 ita

294 1007 486 1068 dicam,
528 1006 680 1057 solum
739 1005 957 1074 saperent
984 1043 999 1067 ,
1040 1022 1129 1056 nec
1175 1005 1323 1057 essent
1362 1005 1571 1072 quadam

293 1075 562 1124 urbanitate
600 1074 844 1124 coloratae.
876 1073 989 1124 Hoc
1024 1075 1202 1124 crimen
1248 1073 1397 1123 hodie
1421 1109 1436 1133 ‚
1476 1089 1569 1123 nec

294 1142 441 1203 dilui,
470 1158 559 1191 nec
580 1141 890 1210 comprobari
919 1144 1121 1191 omnino
1144 1139 1275 1209 posse
1297 1139 1435 1190 facile
1468 1156 1578 1191 cre·

294 1210 574 1260 diderimus.
611 1208 738 1260 Fieri
775 1207 885 1259 sane
929 1210 1120 1276 potuit,
1162 1223 1212 1258 ut
1246 1209 1399 1259 homo
1435 1206 1575 1258 Pata·

293 1279 434 1328 vinus
465 1279 666 1344 patriam
704 1277 845 1345 plane
891 1275 1136 1327 dediscere
1176 1293 1276 1325 non
1324 1276 1531 1340 quiverit
1559 1313 1605 1336 ‚-

299 1344 494 1395 &levia
518 1345 739 1412 quaedarn
765 1346 1010 1395 retinuerit
1045 1345 1278 1412 loquendi
1305 1345 1446 1403 vitia,
1472 1361 1577 1410 quae

298 1416 524 1481 principis
558 1415 680 1462 inter
722 1412 976 1463 Romanos
1014 1414 1103 1461 viri
1144 1427 1319 1461 teretes
1363 1411 1414 1459 ὃ(
1458 1412 1578 1460 reli-

299 1480 452 1547 giosas
486 1497 621 1530 aures
652 1479 973 1530 offenderent.
1003 1480 1071 1529 At
1105 1496 1226 1539 n05,
1265 1478 1433 1544 quibus
1476 1478 1579 1527 La·-

299 1550 399 1597 tina
435 1549 597 1614 lingua
645 1548 900 1615 peregrina
937 1546 1039 1608 est,
1071 1548 1151 1610 qui
1198 1563 1305 1596 eam
1355 1563 1412 1595 ex
1449 1544 1581 1595 libris

299 1615 642 1666 tantummodo
675 1615 967 1683 cognoscere
1004 1612 1246 1681 possumus
1271 1652 1286 1675 ,
1324 1613 1582 1678 quomodo

301 1697 486 1735 tantum
512 1684 653 1732 nobis
681 1700 1013 1750 arrogaremus
1031 1722 1045 1744 ‚
1070 1698 1119 1730 ut
1143 1682 1251 1731 illos
1279 1699 1472 1740 naevos,
1499 1682 1582 1746 qui

301 1752 648 1818 plerorumque
677 1751 1014 1801 Romanorum
1053 1751 1223 1799 oculos
1254 1747 1445 1797 fortasse
1484 1748 1584 1796 fal-

301 1820 467 1868 lebant
488 1858 504 1878 ,
533 1819 898 1884 deprehendere
922 1820 973 1867 ὃ(
1003 1815 1231 1886 assignare
1260 1815 1583 1867 auderemus?

303 1885 364 1935 Id
391 1886 498 1935 sane
537 1889 794 1936 tentaverit
835 1886 1097 1949 Duiatiu5‚
1126 1887 1277 1933 homo
1318 1901 1419 1933 non
1460 1885 1522 1932 ita
1557 1902 1585 1935 a

303 1953 559 2003 Latinitate
584 1954 828 2004 instru&us
849 1993 863 2014 ‚
893 1972 944 2002 ut
973 1953 1185 2003 Livianae
1216 1953 1446 2000 orationis
1469 1968 1586 2000 cen·

303 2021 457 2071 suram
493 2039 672 2090 ageret.
704 2022 861 2072 Nobis
892 2020 1282 2071 consultissimum
1306 2019 1496 2068 videtur
1527 2034 1586 2069 ea

307 2091 369 2139 de
411 2107 461 2140 re
499 2089 651 2141 silere.
685 2090 821 2140 Bene
860 2088 1078 2154 profeci&
1123 2086 1368 2137 nobiscum
1410 2103 1586 2153 agere-

308 2173 414 2216 tur,
452 2159 531 2223 qui
564 2157 780 2209 Latinam
817 2158 1024 2224 linguam
1056 2156 1293 2205 balbutire
1324 2171 1587 2215 conamur,

310 2225 345 2275 st
376 2226 500 2274 Livii
532 2231 801 2276 orationem
844 2243 954 2273 cum
985 2224 1064 2275 sua
1109 2239 1305 2290 quoque
1339 2223 1587 2272 Patavini-

138 2316 184 2368 ς,
213 2330 256 2357 2,
314 2309 404 2342 tate
440 2293 632 2342 daretur
663 2292 909 2359 effingere.

139 2361 280 2419 ‘Lu-11
386 2360 493 2410 Nec
531 2362 652 2409 verb
690 2361 965 2424 eloquentia
995 2360 1180 2408 tantum
1223 2357 1387 2406 claruit
1429 2355 1588 2417 Livii,

108 2439 277 2480 Fmes.
318 2428 399 2478 sed
427 2428 641 2477 laudatur
676 2428 728 2476 &
761 2426 879 2477 fides
899 2465 912 2486 ‚
934 2445 1038 2492 quae
1073 2429 1222 2491 prima
1244 2428 1392 2475 virtus
1420 2424 1478 2471 ab
1506 2424 1588 2471 hi-

123 2511 303 2556 Gratiam
317 2496 562 2545 storiarum
594 2495 820 2561 scriptore
851 2497 1120 2560 requiritur.
1145 2493 1323 2541 Ausum
1356 2489 1447 2541 esse
1476 2508 1587 2540 eum
1615 2556 1620 2559 Π

111 2572 291 2630 asperna-
322 2582 435 2612 vera
470 2567 614 2613 etiam
656 2582 760 2611 cum
809 2561 1081 2611 offensionis
1124 2560 1339 2625 periculo
1388 2559 1545 2606 dicere
1571 2595 1586 2616 ‚

113 2648 172 2678 ta.
318 2632 621 2702 veritatisque
659 2630 988 2684 studiosiorem
1034 2629 1164 2683 fuiss'e
1189 2666 1203 2690 ‚
1249 2627 1393 2696 quam
1427 2627 1589 2697 gratiae
