1704 3073
342 105 463 163 432
623 86 680 146 T
723 106 748 145 1
789 102 831 146 ‘r
874 105 899 145 ι
989 88 1035 146 L
1079 107 1104 145 1
1150 102 1196 144 v
1237 106 1265 146 1
1307 96 1334 146 1‘
1649 152 1654 154 ,

132 174 486 234 U.c.34<).quam
512 166 646 217 nullo
678 169 792 218 loco
832 165 978 217 castra
1011 167 1306 217 Volscorum
1343 162 1438 216 esse
1463 201 1477 224 ‚
1513 179 1608 214 nee

130 229 667 285 ²·C·403·commiffuros
698 235 744 285 se
783 237 947 302 praelio
977 238 1193 301 appatuit
1218 272 1234 295 ‚
1266 233 1505 300 tripartiti)
1543 232 1606 280 ad
1636 238 1646 270 ἶ

335 303 655 352 devastandos
682 302 800 352 fines
825 301 1071 351 discess'ere
1101 320 1112 349 z
1152 302 1374 351 Valerius
1402 300 1607 349 Antium

336 375 464 438 petit
488 409 503 431 ,
533 370 788 421 Cornelius
815 369 1044 427 Ecetras;
1080 385 1381 435 quacumque
1406 366 1608 416 incesse-

335 455 388 488 re
413 476 428 498 ‚
460 439 552 488 late
574 440 791 506 populati
817 436 919 484 sunt
953 435 1074 485 τεξὶει
1105 436 1334 503 agrosque
1353 474 1368 495 ‚
1397 453 1449 485 ut
1477 433 1608 483 disti·-

334 522 506 556 nerent
536 507 759 556 Volscos.
804 503 975 552 Fabius
1004 541 1021 561 ,
1063 504 1195 569 quod
1229 505 1435 553 maxime
1472 515 1611 568 pete·

334 573 470 623 batur
487 612 502 634 ,
531 575 589 622 ad
625 574 789 621 Anxur
810 573 1193 638 oppugnandum
1214 570 1310 619 sine
1331 572 1426 619 ulla
1449 586 1612 636 popu-

336 641 517 690 latione
541 637 741 689 acceffit.
778 638 947 686 Anxur
978 638 1066 687 fuit
1099 656 1204 704 quae
1232 657 1356 686 nunc
1387 636 1617 686 Tarraci-

338 728 413 758 nae
441 708 580 767 sunt,
608 708 720 755 urbs
753 724 905 771 prona
937 708 983 754 in
1014 707 1212 772 paludes
1243 724 1258 767 3
1287 707 1345 754 ab
1379 722 1437 755 ea
1475 717 1614 770 parte

339 776 513 825 Fabius
546 777 962 841 oppugnationem
1000 774 1224 823 ostendit.
1275 770 1618 822 Circummissae

341 858 544 909 quatuor
569 843 796 891 cohortes
819 860 928 892 cum
955 839 1016 890 C.
1034 841 1238 891 Servilio
1262 841 1416 890 Ahala
1433 878 1446 900 ,
1467 855 1617 906 quum

338 912 676 959 imminentem
724 909 830 957 urbi
877 910 1051 959 collem
1094 908 1321 975 cepissent
1351 946 1366 968 ‚
1405 926 1465 958 ex
1502 908 1616 956 loco

339 978 510 1027 altiore
541 1014 556 1038 ‚
598 977 915 1044 quantillum
954 991 1054 1026 erat
1100 976 1370 1043 praesidium
1391 1013 1405 1036 ,
1435 974 1619 1042 ingenti

341 1046 554 1095 clamore
588 1064 641 1094 ac
666 1047 872 1093 tumultu
901 1048 1079 1094 moenia
1101 1045 1349 1104 invasere3
1385 1044 1445 1092 ad
1470 1059 1618 1109 quem

342 1114 601 1162 tumultum
641 1112 992 1178 obstupefaffl,
1031 1117 1111 1179 qui
1151 1115 1377 1162 adversus
1415 1110 1620 1179 Fabium
1659 1133 1664 1139 ·

342 1183 514 1230 urbem
548 1179 763 1234 infimam
796 1184 1084 1240 tuebantur,
1119 1180 1277 1243 locum
1317 1178 1494 1229 dedere
1512 1178 1618 1227 sca·-

343 1249 410 1298 las
434 1250 759 1298 admovendi:
783 1250 1019 1315 plenaque
1040 1250 1245 1297 hostium
1272 1247 1437 1296 cnnCta
1456 1261 1621 1306 erant,

346 1318 401 1367 &
444 1319 636 1366 immitis
684 1316 764 1364 diu
813 1317 966 1365 caedes
1022 1319 1196 1382 pariter
1235 1316 1524 1382 fugientium
1562 1331 1620 1362 ac

341 1383 654 1434 resistentium
675 1422 688 1443 ,
724 1399 1018 1433 armatorum
1053 1401 1197 1448 atque
1231 1386 1483 1431 inermium
1516 1380 1622 1430 fuit.

345 1451 664 1519 Cogebantur
697 1453 857 1518 itaque
883 1452 994 1500 νίξὶί
1025 1489 1039 1511 ,
1079 1454 1189 1518 quia
1219 1451 1499 1500 cedentibus
1521 1447 1622 1514 spei

347 1521 466 1570 nihil
497 1535 629 1581 erat,
668 1537 880 1586 pugnam
907 1522 1025 1568 inire
1057 1535 1068 1566 z
1101 1536 1246 1585 quum
1280 1534 1301 1584 3
1335 1518 1623 1585 pronuntia-

346 1602 451 1637 tum
486 1589 684 1654 repente
708 1625 722 1645 ‚
752 1604 815 1636 ne
837 1590 941 1653 quis
973 1602 1144 1654 praeter
1177 1602 1386 1634 armatos
1420 1584 1620 1633 violare·

349 1671 427 1704 ‘tur
449 1694 465 1718 ,
502 1658 732 1722 reliquam
769 1673 966 1705 omnem
1003 1655 1356 1703 multitudinem
1391 1653 1623 1702 volunta-

351 1727 469 1773 riam
504 1729 632 1773 exuit
669 1726 809 1771 armis
846 1742 856 1766 r
909 1741 1115 1790 quorum
1160 1724 1219 1771 ad
1253 1725 1347 1771 duo
1380 1721 1526 1769 millia
1570 1720 1624 1768 &

352 1794 603 1858 quingenti
637 1793 740 1840 vivi
774 1793 1053 1855 capiuntur3
1094 1809 1119 1838 a
1147 1808 1303 1840 cetera
1333 1789 1490 1854 praeda
1523 1786 1623 1835 Fa-

354 1861 461 1908 bius
497 1860 699 1907 militem
745 1858 1000 1919 abstinuit,
1054 1859 1208 1907 donec
1250 1857 1446 1922 collegae
1485 1855 1631 1903 veni·

353 1943 462 1976 rent
483 1946 491 1974 :
517 1929 576 1975 ab
600 1928 688 1975 illis
707 1944 900 1992 quoque
924 1927 1207 1976 exercitibus
1235 1942 1427 1990 captum
1455 1922 1627 1970 Anxur

352 1995 572 2044 diffitans
604 1993 695 2043 effe
725 2031 739 2054 ‚
780 1998 860 2057 qui
892 2011 1077 2043 ceteros
1105 1992 1313 2042 Volscos
1347 2011 1372 2040 a
1406 1988 1625 2057 praefidio

352 2060 458 2127 ejus
491 2063 588 2111 loci
620 2059 909 2110 avertissent.
939 2061 1044 2126 Qui
1068 2061 1147 2109 ubi
1165 2074 1435 2117 venerunt,
1476 2058 1626 2122 oppi-

354 2130 473 2178 dum
506 2146 671 2178 vetere
707 2127 901 2178 fortuna
939 2129 1223 2195 opulentum
1257 2144 1351 2176 tres
1390 2126 1654 2175 exercitus·⁴

353 2198 595 2263 diripuere
617 2214 627 2244 :
657 2213 809 2263 eaque
833 2199 1041 2262 primum
1067 2197 1334 2262 benignitas
1360 2197 1627 2258 imperato-

353 2282 460 2314 rum
516 2264 712 2330 plebem
762 2263 979 2350 Patribus
1037 2264 1328 2314 conciliavit.
1388 2260 1631 2310 Additum

420 2380 441 2421 3
484 2367 785 2409 Pronuntiatum
821 2380 959 2420 repen·
1022 2378 1172 2420 praeter
1197 2378 1368 2407 armatos
1389 2366 1626 2414 violaretur,

356 2428 445 2470 τὲ...
480 2430 622 2482 exuit]
666 2429 847 2468 Diditum
893 2441 959 2467 re·
1022 2428 1178 2480 impulit
1223 2429 1414 2480 reliquam
1467 2441 1627 2468 omnem

354 2491 480 2546 pente
494 2490 960 2545 pronuntiatumqueper
1022 2489 1190 2528 hostium
1223 2488 1513 2530 multitudinem
1533 2516 1544 2535 ,
1580 2497 1628 2528 ut

352 2566 566 2608 praecones
589 2552 730 2591 ducum
754 2551 959 2592 Romano-
1022 2552 1164 2590 volens
1186 2551 1223 2591 ὃ(
1264 2550 1330 2591 sua
1358 2550 1630 2606 spontevarm

353 2627 443 2654 trum
482 2613 690 2669 inperium
715 2639 728 2662 ‚
778 2626 829 2654 ne
875 2612 959 2667 quis
1021 2621 1216 2667 poneremt
