1704 3073
391 79 502 119 102.
653 63 1352 134 *T1T1L1v11

376 138 478 188 lum
507 141 552 188 in
573 141 803 195 ducentos
837 150 1038 215 amphils
1071 154 1179 220 post
1211 156 1340 206 suam
1361 172 1549 211 aetatem
1572 182 1655 215 an-

375 223 468 256 nos
502 214 658 260 movit
692 252 706 274 ‚
744 214 1050 284 Suessamque
1089 221 1358 274 Pometiam
1403 245 1462 278 ex
1494 230 1565 280 his
1601 236 1651 283 vi

371 279 535 341 cepit3
569 279 648 328 ubi
670 299 817 347 quum
838 285 1086 337 divendit&
1107 293 1268 356 praed&
1291 294 1320 343 6
1338 297 1652 365 quadraginta

372 345 554 394 talenta
583 352 766 414 argenti
793 354 990 418 aurique
1019 371 1052 418 7
1087 360 1377 426 recepisset3
1419 371 1650 434 concepit

369 414 535 461 animo
569 430 676 462 eam
718 419 1083 484 amplitudinem
1118 426 1255 477 Jovis
1294 433 1499 498 templi,
1539 452 1647 500 quae

369 479 516 545 digna
551 481 699 532 deum
728 486 1077 556 hominumque
1103 511 1217 561 rege
1238 534 1253 556 ‚
1287 516 1390 564 quae
1415 500 1646 554 Romano

369 547 577 612 imperio
598 587 612 609 ‚
641 569 745 618 quae
776 555 918 621 ipsius
943 562 1089 608 etiam
1120 562 1215 611 loci
1237 565 1483 628 majestate
1512 569 1644 623 effer.

367 613 629 680 Captivam
657 625 911 685 pecuniam
928 627 975 674 in
996 627 1364 683 aedificationem
1383 634 1492 701 ejus
1510 653 1643 688 tem-

361 683 430 746 pli
470 683 696 750 seposuit.
745 689 947 758 Exaepit
985 695 1161 747 deinde
1202 716 1314 750 eum
1346 703 1518 754 lentius
1555 707 1639 773 spe

357 750 540 799 bellum
564 791 578 813 ,
623 773 721 822 quo
756 756 945 809 Gabios
974 768 1295 832 propinquam
1334 771 1502 821 urbem
1541 793 1639 825 ne-

356 820 617 886 quicquam
659 827 703 873 vi
733 827 954 888 adortus·⁹
985 849 1131 898 quum
1163 837 1191 884 ὃ
1220 837 1470 889 obsidendi
1505 860 1636 908 quo-
1676 890 1680 893 .

358 903 454 952 que
495 891 666 939 urbem
703 893 805 958 spes
846 897 980 962 pulso
1031 918 1057 947 a
1110 906 1349 959 moenibus
1406 908 1636 976 adempta

196 953 500 1016 Gabiosefset,
534 957 783 1022 postremo
813 965 1008 1014 minime
1039 983 1138 1018 arte
1170 970 1394 1023 Romanii
1415 1014 1429 1036 ‚
1464 976 1632 1029 fraude

143 1020 287 1073 fraude

150 1082 323 1137 aggredi·
356 1091 489 1141 bello
517 1132 532 1154 ‚

147 1156 226 1185 tur.

359 1040 414 1070 ac
435 1024 552 1074 dolo
567 1063 582 1088 ‚
611 1029 845 1095 aggressus
868 1032 961 1093 est3
983 1053 1093 1083 nam
1115 1055 1261 1103 quum
1280 1079 1294 1100 ,
1317 1043 1451 1093 velut
1470 1046 1631 1110 posito
1667 1063 1671 1065 “

588 1094 911 1149 fundamentis
943 1103 1112 1169 templi
1142 1104 1371 1168 jaciendis
1391 1149 1406 1171 ‚
1435 1113 1630 1181 aliisque

355 1161 546 1210 urbanis
582 1166 808 1229 operibus
845 1171 1082 1220 intentum
1128 1173 1174 1223 se
1217 1176 1308 1226 esse
1342 1178 1583 1231 simularet
1613 1201 1630 1244 ;

351 1226 524 1278 Sextus
548 1228 669 1280 filius
697 1234 800 1299 ejus
822 1274 835 1297 ‚
871 1240 951 1303 qui
984 1240 1205 1290 minimus
1237 1247 1469 1296 extribus
1494 1266 1626 1312 erat,

350 1298 603 1365 transfugit
634 1318 690 1350 ex
727 1304 997 1370 composito
1033 1306 1222 1359 Gabios
1246 1351 1261 1373 ‚
1308 1318 1454 1379 patris
1499 1319 1547 1366 in
1576 1318 1626 1369 se

349 1363 576 1414 saevitiam
612 1370 967 1422 intolerabiiem
1013 1393 1318 1443 conquerens
1353 1399 1363 1430 :
1415 1384 1522 1434 Iam
1566 1389 1625 1435 ab

340 1434 519 1498 ‚alienis
552 1437 599 1483 in
633 1436 746 1501 ficos
787 1439 957 1504 vemſje
980 1441 1234 1510 fitperbianz
1259 1469 1273 1498 .·
1310 1450 1354 1498 6²
1390 1451 1620 1503 liberorum

346 1519 521 1566 quoque
563 1523 658 1552 eum
690 1505 952 1573 frequentiae
995 1515 1146 1560 taedere
1178 1555 1195 1574 ,
1248 1532 1298 1565 ut
1329 1556 1348 1576 ,
1397 1539 1531 1584 quam
1569 1525 1618 1572 in

346 1572 471 1617 curia
479 1569 774 1633 fhlitudinem
782 1575 943 1642 fecerit
960 1617 978 1637 ,
1005 1582 1126 1629 domi
1148 1601 1321 1650 quoque
1333 1584 1492 1652 faciat
1505 1608 1528 1649 ,·
1563 1610 1620 1639 ne

402 1680 429 1721 6
468 1681 743 1742 Quadraginta
793 1689 946 1729 talenta
1010 1704 1175 1747 quntum
1190 1695 1289 1744 effe,
1322 1708 1366 1738 ut
1384 1697 1616 1756 hiclegitur

338 1745 493 1798 argenti
541 1746 698 1800 aurique
729 1749 746 1802 ]
784 1751 825 1790 Si
857 1752 943 1792 haec
1007 1754 1046 1794 in
1085 1759 1257 1813 vulgatis
1301 1759 1441 1806 libris,
1487 1763 1615 1804 credi·

338 1803 429 1843 sana
443 1805 529 1846 sunt
549 1836 562 1853 ‚
585 1808 716 1850 sensus
734 1812 832 1852 erit:
856 1827 942 1853 eam
1007 1831 1109 1859 mus.

336 1865 522 1907 summam
557 1869 645 1909 auri
673 1874 908 1927 argentique
929 1903 940 1922 ,

336 1941 424 1981 quae
449 1958 461 1974 ‚
487 1929 511 1969 si
537 1931 578 1970 in
607 1934 758 1973 talenta
787 1938 942 1992 argenti

332 1990 590 2044 redigeretur
610 2021 620 2039 ,
649 2009 817 2048 quorum
852 2000 940 2038 vul-

333 2051 546 2104 gatiffimus
566 2066 653 2094 erat
673 2057 760 2096 usus
786 2059 823 2098 in
843 2060 938 2100 aesti-

331 2113 482 2153 mandis
512 2117 691 2167 pecuniis
710 2145 721 2165 ,
756 2119 938 2162 efficeret

331 2174 592 2229 quadraginta
625 2181 779 2234 argenti
811 2184 936 2223 talen·

329 2244 371 2273 ta
391 2262 401 2281 ‚
431 2235 468 2275 id
499 2237 577 2287 est,
601 2254 750 2280 marcas
780 2246 935 2298 argenti

329 2294 563 2338 Parisienses
590 2311 720 2351 3750.
741 2304 931 2346 Ceterum

327 2357 444 2398 valde
480 2359 695 2412 suspec‘ium
730 2367 845 2407 nobis
878 2368 931 2408 est

325 2417 422 2458 illud
474 2422 785 2465 additamentum
830 2430 932 2469 auri-

325 2494 397 2531 que
415 2512 426 2530 ,
447 2484 554 2536 quod
573 2484 758 2538 ignorant
777 2489 929 2544 aliquot

323 2540 416 2581 Mis.
454 2545 633 2585 codices.
676 2548 764 2589 Nec
804 2554 926 2592 ullum

319 2615 506 2658 umquam
531 2607 764 2663 scriptorem
793 2612 847 2654 ita
864 2616 925 2656 10-

1068 1893 1095 1930 7
1115 1880 1335 1935 Recepiffiet
1354 1883 1371 1937 ]
1403 1883 1614 1927 Reservas-

1007 1938 1066 1980 set
1096 1970 1110 1986 ,
1154 1943 1398 1997 sepos'uiffet.
1451 1947 1612 2001 Nempe

1005 2000 1246 2056 Tarquinius
1267 2036 1278 2055 ‚
1311 2007 1418 2059 quod
1453 2008 1611 2050 disertis

1004 2065 1136 2105 verbis
1150 2066 1269 2106 docet
1283 2067 1499 2122 Dionysius
1514 2097 1526 2117 ,
1541 2071 1608 2111 de-

1002 2124 1142 2165 cimam
1182 2138 1337 2180 partem
1377 2129 1610 2171 Pometina-

1000 2200 1086 2226 rum
1119 2190 1390 2230 manubiarum
1422 2191 1459 2231 in
1487 2192 1608 2233 aedifi-

1000 2248 1200 2289 cntionem
1227 2253 1366 2305 templi
1380 2251 1605 2308 Capitolini

1001 2309 1188 2364 seposuit.

1059 2372 1081 2411 S
1121 2372 1333 2420 obsidendi
1367 2391 1514 2432 qnoque
1535 2393 1601 2417 ur-

994 2430 1107 2486 hem]
1138 2435 1232 2474 Non
1269 2437 1430 2477 videtur
1463 2440 1600 2480 neces-

993 2493 1086 2533 saria
1104 2497 1294 2548 repetitio
1311 2498 1424 2540 vocis
1441 2499 1568 2540 urbem
1582 2529 1595 2550 ,

991 2569 1078 2608 quae
1119 2556 1323 2612 superiore
1363 2559 1442 2616 jam
1477 2562 1596 2605 versu

987 2616 1174 2664 habetur.
