1643 3078
480 196 526 252 L
570 211 592 252 1
635 211 673 253 Β
722 214 758 255 E
801 218 837 259 R
938 207 1014 266 V.
1230 232 1341 292 443
1410 256 1419 259 <

81 269 162 336 qui
188 275 448 324 mercenario
482 276 624 326 milite
657 294 845 330 utuntur
855 301 878 342 ,·
921 300 971 331 at
1000 306 1085 336 nos
1115 305 1345 359 tamquam
1362 315 1475 370 [103
1486 327 1554 368 523

78 355 180 387 cum
223 342 400 389 civibus
435 361 559 412 agere
600 347 811 397 volumus
843 368 867 410 ;
913 354 1075 419 agique
1114 373 1342 425 tamquam
1360 371 1552 424 a.C.400.

19 402 23 405 ”
79 422 178 454 cum
190 410 346 471 patria
365 411 590 475 nobiscum
608 451 626 472 ,
657 433 828 481 aequum
858 419 1093 485 censemus.
1127 428 1232 474 Aut
1250 449 1342 479 non

68 471 242 539 filscipi
284 477 445 526 bellum
476 483 672 546 oportuit
699 502 722 542 ,·
769 499 850 533 aut
887 491 979 553 geri
1010 508 1093 554 pro
1124 495 1345 559 dignitate

68 542 238 606 populi
270 547 507 606 Romani,
540 549 584 597 6³
603 552 761 615 perfici
798 558 1122 621 quamprimum
1161 578 1346 626 oportet.

65 608 340 671 -Petficietur
368 629 513 662 autem
542 653 560 674 ,
597 617 648 681 st
682 637 881 685 urgemus
918 622 1102 687 obseffirs
1118 645 1140 686 ,⁸
1174 630 1224 692 fi
1250 649 1344 680 non

74 676 181 723 ante
214 677 521 742 abscedimus,
553 685 685 746 qua'm
705 686 806 751 spei
840 692 990 756 nostrae
1014 694 1156 756 finem
1193 701 1343 764 captis

77 744 206 791 Veiis
245 746 591 813 imposuerimus.
643 753 698 799 Si
731 791 749 811 ,
802 755 972 805 hercule
995 796 1012 817 ‚
1061 763 1195 811 nulla
1240 767 1343 814 alia.

73 808 211 873 causa
235 850 253 871 ,
296 813 393 879 ipsa
430 817 682 883 indignitas
713 820 1085 886 petfiverantiam
1122 831 1344 897 imponere

72 878 237 928 debuit.
292 884 460 931 Decem
485 887 710 948 quondam
740 908 889 937 annos
935 895 1038 940 urbs
1077 915 1343 966 oppugnata

72 946 130 1010 est
150 982 167 1002 ‚
210 948 263 994 oh
305 967 442 998 unam
490 953 710 1003 mulierem
730 993 747 1014 ‚
781 957 838 1003 ab
869 960 1074 1025 univerfiz
1108 967 1287 1016 Graecia
1317 1007 1338 1030 ,

72 1013 207 1076 quam
227 1017 390 1080 procul
415 1019 471 1065 ab
501 1022 677 1069 domo?
712 1038 819 1087 quot
852 1040 986 1075 terras
1006 1066 1023 1087 ,
1057 1047 1165 1095 quot
1191 1038 1339 1085 maria

69 1081 244 1146 distans
256 1086 284 1132 ,Ρ
319 1087 424 1132 Nos
454 1088 572 1134 intra
601 1090 852 1153 vicefirnum
882 1094 1077 1160 lapidem
1097 1136 1114 1157 ,
1146 1102 1196 1148 in
1229 1121 1340 1152 con-

55 1144 212 1215 spetiu
225 1168 366 1217 prope
396 1154 517 1201 urbis
545 1158 694 1222 nostrae
724 1178 924 1209 annuam
957 1171 1337 1235 oppugnationem

60 1214 248 1281 perferre
260 1222 400 1286 piget.
430 1222 615 1270 Scilicet
630 1261 647 1282 ‚
683 1228 791 1289 quia
818 1228 933 1276 levis
954 1232 1090 1296 causa
1110 1236 1217 1286 belli
1238 1241 1296 1306 est
1315 1279 1335 1301 ,

67 1301 148 1330 nec
170 1282 292 1346 satis
319 1289 558 1353 quicquam
576 1289 692 1357 justi
720 1295 888 1343 doloris
911 1299 996 1364 est,
1031 1306 1154 1365 quod
1165 1324 1250 1353 nos
1272 1311 1338 1357 ad

59 1349 425 1416 perseverandum
441 1358 653 1422 stimulet.
689 1376 720 1422 7
758 1365 935 1428 Septies
965 1368 1257 1421 rebellarunt:
1282 1377 1333 1424 in

57 1420 175 1484 pace
192 1439 435 1486 numquam
451 1426 542 1488 fidi
557 1424 745 1489 filerunt
768 1449 780 1478 .·
817 1449 947 1497 agros
972 1437 1140 1501 nostros
1165 1442 1335 1492 millies

36 1485 331 1552 ,depopulati
340 1489 451 1552 sunt
474 1511 487 1540 .·
519 1495 757 1543 Fidenates
781 1500 956 1562 deficere
979 1521 1009 1548 a
1031 1506 1163 1553 nobis
1179 1514 1331 1576 coe'ge-

59 1568 166 1600 runt
193 1574 206 1603 .·
240 1557 424 1604 colonos
453 1562 619 1628 nostros
653 1564 717 1611 ihi
757 1567 1060 1632 interfecerunt
1086 1591 1101 1620 .-
1130 1579 1330 1627 auctores

53 1618 183 1689 fliere
209 1639 363 1672 contra
389 1624 474 1690 jus
499 1631 697 1694 gentium
730 1636 865 1681 caedis
899 1638 1047 1702 impiae
1080 1640 1326 1709 legatorum

60 1690 298 1754 nostrorum
319 1711 333 1740 .·
362 1695 591 1744 Etruriam
621 1715 789 1748 omnem
821 1705 1038 1752 adversus
1061 1726 1146 1755 nos
1174 1713 1329 1761 conci-

61 1769 154 1803 tare
180 1759 449 1821 voluerunt,
474 1765 690 1829 lzodieque
721 1768 773 1814 id
793 1771 1042 1821 moliuntur
1062 1794 1076 1823 :
1107 1794 1173 1823 res
1206 1798 1327 1845 repe-
1383 1779 1388 1782 ⁶

59 1836 201 1872 tentes
222 1827 392 1892 legatos
419 1833 586 1896 nostros
605 1835 732 1880 haud
745 1839 908 1900 procul
925 1840 1076 1905 abfuit
1096 1846 1205 1907 quin
1220 1850 1326 1895 vio-

60 1891 216 1941 larent.
257 1896 364 1942 Cum
394 1897 469 1946 lzis
495 1899 688 1949 molliter
712 1902 756 1954 ὃ*
776 1922 862 1970 per
887 1907 1132 1959 dilationes
1159 1913 1325 1971 bellum

51 1962 144 2030 geri
171 1977 338 2026 oportet
354 1966 382 2011 ,Ρ
755 2016 758 2017 ⁷

122 2026 190 2076 V.
215 2031 376 2077 Sinos
408 2046 500 2080 tam
521 2031 692 2100 justum
726 2039 877 2087 odium
904 2042 1027 2090 nihil
1055 2063 1234 2108 movet,
1269 2070 1326 2101 ne

56 2093 143 2142 illa
178 2098 353 2161 quidem
370 2136 388 2157 ‚
427 2118 499 2148 oro
531 2120 647 2161 vos,
674 2122 849 2154 movent
870 2110 897 2156 Ρ
930 2112 1150 2175 Operibus
1169 2119 1322 2184 ingen-

55 2163 177 2209 tibus
193 2162 324 2230 fi‘pta
354 2168 457 2214 urbs
487 2171 578 2235 est,
610 2173 772 2235 quibus
802 2176 919 2223 intra
939 2196 1086 2227 muros
1107 2189 1326 2234 coercetur

52 2229 190 2296 hostis
209 2251 239 2291 ,ἡ
266 2251 418 2300 agrum
448 2253 538 2283 non
564 2239 706 2286 coluit
726 2277 743 2297 ‚
773 2241 817 2289 6³
843 2244 966 2291 culta
993 2250 1193 2314 evastata
1208 2252 1322 2315 ficnt

53 2296 184 2347 bello.
220 2301 275 2348 Si
294 2303 543 2353 reducimus
563 2308 800 2356 exercitum
817 2347 834 2367 ,
862 2314 965 2376 quis
997 2316 1053 2381 est
1084 2320 1162 2381 qui
1190 2322 1319 2370 dubi-

50 2378 113 2414 tet
141 2366 279 2425 illos,
304 2387 395 2416 non
429 2389 458 2416 a
483 2374 730 2437 cupiditate
751 2374 902 2439 solum
935 2381 1210 2446 ulciscendi,
1233 2387 1321 2452 sed

51 2435 188 2484 etiam
231 2437 472 2500 neceffitate
518 2442 726 2506 imposita*
760 2463 816 2491 ex
854 2447 1004 2496 alieno
1036 2456 1316 2517 praedandi,

51 2519 188 2568 quum
208 2500 298 2566 fita
329 2503 554 2567 amiserint
578 2546 596 2565 ,
635 2528 786 2576 agrum
818 2516 1006 2579 nostrum
1034 2520 1270 2584 invafitros
1289 2528 1317 2574 ,Ρ

48 2570 163 2617 Non
198 2568 440 2635 diffinimus
472 2575 610 2640 igitur
638 2578 800 2627 bellum
841 2584 920 2644 isio
961 2587 1146 2656 confilio
1172 2629 1188 2649 ‚
1233 2589 1319 2657 fi’d

46 2636 179 2686 intra
186 2639 308 2700 fines
340 2641 507 2707 nostros
540 2647 804 2710 accipimus.
838 2651 970 2712 Quid
982 2654 1009 2698 Ρ
1041 2653 1162 2702 illud
1193 2661 1317 2725 quod

104 2730 133 2775 -7
166 2717 323 2779 Septies
355 2722 595 2772 rebellarunt
624 2727 643 2788 j
678 2729 776 2774 Vid.
805 2730 917 2788 supra
946 2733 1038 2799 IV’.
1061 2747 1136 2788 32.

927 2790 1040 2864 Χῖ]
