1689 3083
455 141 810 198 L1BER
904 133 1007 199 II.
1273 122 1374 182 181

113 227 232 279 Inde
267 240 290 290 3
323 225 372 274 in
403 222 622 272 Latinam
663 217 792 277 viam
818 206 1087 259 transversis
1117 205 1383 254 tramitibus
1400 205 1589 259 U.c.263.

99 291 417 361 'transgressus
442 327 456 350 ,
484 287 716 337 Satricum
743 319 756 340 ‚
778 277 1049 344 Longulam
1066 312 1079 332 ,
1104 272 1353 320 Poluscam
1370 287 1385 330 3
1403 263 1592 313 {QG-459·

119 363 347 413 Coriolos
368 396 382 418 ‚
415 376 445 417 4
469 353 664 404 novella
687 351 798 398 haec
814 345 1049 395 Romanis
1071 339 1253 405 oppida
1278 339 1390 386 ade-

120 433 225 480 mit.
273 427 392 477 Inde
430 423 684 472 Lavinium
734 416 915 479 recepit
955 429 964 458 :
1009 425 1122 457 tunc
1163 406 1393 469 deinceps

121 497 425 548 Corbionem
457 530 471 550 ‚
513 487 761 538 Vitelliam
793 520 807 542 ,
849 479 1081 529 Trebiam
1102 512 1117 534 ‚
1153 473 1355 520 Labicos
1381 509 1396 531 ‚

121 565 307 616 Pedum
347 563 492 627 cepit.
541 552 837 605 Postremum
888 547 949 595 ad
988 545 1160 592 urbem
1196 559 1221 587 a
1258 538 1395 587 Pedo

123 634 255 682 ducit
290 650 301 680 z
356 632 405 678 ὅ(
435 627 496 675 ad
530 622 669 672 fossas
705 614 1152 680 Cluilias·quinque
1185 607 1243 656 ab
1276 608 1396 655 urbe

123 701 270 751 millia
311 695 527 765 passuum
566 688 720 740 castris
752 685 914 752 positis
939 719 956 740 ,
993 677 1250 745 populatur
1282 674 1398 722 inde

126 785 294 835 agrum
313 766 592 814 Romanum
611 775 625 817 3
659 753 932 804 custodibus
948 752 1070 796 inter
1085 743 1399 811 populatores

126 834 300 894 missis,
322 835 402 899 qui
422 829 728 897 patriciorum
753 836 893 888 agros
915 817 1115 865 intactos
1133 813 1399 860 servarent:

128 903 226 953 sive
256 900 460 950 infensus
481 897 611 962 plebi
636 892 786 956 magis
806 926 819 947 ‚
846 886 942 934 sive
962 899 1013 932 ut
1033 879 1266 929 discordia
1289 877 1401 925 inde

127 973 253 1020 inter
275 968 436 1017 Patres
465 963 756 1030 plebemque
786 957 1002 1002 oriretur.
1035 950 1162 1013 Quae
1185 943 1403 1012 profeffo

132 1053 238 1088 orta
274 1036 387 1086 esset
423 1051 434 1081 ε
476 1031 598 1079 adeo
641 1026 816 1075 tribuni
857 1021 955 1085 jam
985 1018 1199 1067 ferocem
1233 1031 1320 1080 per
1357 1011 1403 1061 se

130 1107 329 1174 plebem
363 1097 661 1151 criminando
693 1097 739 1141 in
775 1093 1010 1156 primores
1044 1084 1245 1133 civitatis
1267 1080 1405 1129 insti-

133 1175 312 1241 gabant
345 1187 359 1230 3
389 1169 469 1218 sed
503 1179 725 1215 externus
766 1162 911 1206 timor
941 1194 954 1215 ‚
997 1154 1257 1201 maximum
1290 1165 1427 1197 con-e

134 1242 312 1291 cordiae
344 1235 590 1285 vinculum
613 1269 627 1290 ‚
667 1228 884 1294 quamvis
915 1220 1154 1287 suspecstos
1176 1216 1408 1266 infensos-

134 1325 230 1377 que
271 1310 392 1355 inter
422 1304 467 1352 se
503 1299 733 1367 jungebat
774 1296 977 1342 animos.
1019 1289 1075 1337 Id
1118 1286 1270 1335 modo
1307 1302 1408 1332 non

134 1373 459 1426 conveniebat
493 1408 506 1429 ‚
558 1365 691 1434 quod
726 1363 912 1412 senatus
949 1354 1257 1420 consulesque
1294 1351 1408 1399 nus-

135 1461 281 1512 quam
307 1442 416 1490 alibi
446 1439 577 1503 spem
600 1472 615 1494 ‚
649 1431 792 1499 quam
827 1433 876 1478 in
915 1427 1055 1474 armis
1078 1462 1091 1484 ,
1125 1421 1371 1488 ponebant
1394 1413 1615 1481 :VJ-425}-

135 1513 305 1579 plebes
336 1509 497 1558 omnia
523 1543 537 1565 ‚
566 1501 710 1569 quam
747 1499 930 1546 bellurn
952 1533 964 1552 ‚
1003 1493 1231 1541 malebat.
1269 1504 1287 1555 5
1320 1487 1404 1553 Sp.
1424 1481 1618 1568 ἓὼξῖῧ·

136 1579 342 1629 Nautius
374 1578 470 1638 'jam
504 1612 517 1632 ‚
564 1572 616 1619 ὅ(
659 1568 768 1618 Sex.
808 1566 974 1615 Furius
1002 1559 1218 1609 consules
1254 1544 1491 1631 emund}
1522 1540 1620 1628 ἐξ

136 1646 234 1699 Eos
262 1643 562 1695 recensentes
588 1639 835 1704 legiones,
864 1629 1079 1699 praesidia
1102 1644 1187 1693 per
1203 1643 1366 1674 muros
1391 1662 1405 1684 ‚
1424 1619 1545 1692 Fur’io
1604 1613 1617 1629 ⁰

135 1716 322 1781 aliaque
349 1714 397 1760 in
430 1710 598 1776 quibus
624 1706 850 1753 stationes
870 1696 1149 1766 vigiliasque
1181 1692 1273 1742 effe
1307 1693 1405 1758 pla·
1425 1681 1536 1753 Co‘ff-

138 1797 301 1833 cuerat
340 1781 447 1829 loca
473 1816 487 1838 ,
532 1773 896 1830 distribuentes,
948 1762 1204 1815 multitudo
1240 1763 1409 1827 ingens

878 1884 894 1920 ς
920 1870 989 1926 Sp.
1012 1867 1237 1909 Nautius...
1261 1865 1297 1904 G
1315 1863 1416 1905 Sex.

208 1897 229 1939 3
257 1885 304 1926 In
334 1884 518 1925 Latinam
550 1879 651 1919 νίανη
670 1908 679 1919 .
701 1882 744 1917 ‚⁴-

811 1933 975 1984 Furius]
1000 1931 1107 1970 Ante
1137 1930 1211 1968 hos
1232 1926 1418 1966 consules

145 1945 393 2003 transgressus
414 1943 426 1993 ]
453 1943 641 1994 Quatuor
659 1941 747 1979 haec

142 2011 289 2065 oppida
322 2037 333 2055 ,
374 2019 543 2060 quorum
587 2000 747 2041 nomina

143 2073 362 2126 sequuntur
392 2096 404 2113 ,
435 2067 534 2106 citra
569 2063 750 2103 Latinam

144 2133 248 2174 viam
269 2132 356 2172 sunt
378 2127 547 2168 Circeiis
572 2121 751 2177 proficis-

147 2194 270 2235 centi.
306 2193 443 2244 ltaque
472 2202 552 2228 non
572 2186 661 2225 satis
680 2198 750 2237 ap-

146 2265 264 2309 paret
281 2282 292 2302 ,
313 2265 433 2307 quare
463 2248 640 2290 Marcius
659 2244 751 2285 ante

149 2317 191 2356 in
209 2315 386 2355 Latinam
411 2312 514 2352 viam
541 2307 751 2361 transgres-

150 2377 213 2417 sus
241 2375 351 2416 fuisse
366 2403 378 2422 ,
398 2375 512 2428 quam
540 2371 611 2411 has
634 2369 752 2409 urbes

152 2436 297 2492 cepiffe
323 2436 494 2476 dicatur.

214 2512 242 2547 4
267 2496 444 2538 Novella
463 2496 538 2535 haec
563 2493 755 2533 Romanis

154 2559 300 2614 oppida
322 2558 332 2584 l
371 2558 511 2610 Nuper
542 2557 589 2594 ab
607 2554 756 2595 Roma·

97 2681 105 2690 Κ
138 2623 218 2670 ⁴nis}
258 2617 461 2673 acquisita.
501 2616 601 2663 Vid.
643 2614 759 2671 supr&

157 2696 195 2726 c.
232 2691 306 2734 33.
653 2709 657 2712 .

813 1996 960 2048 duplex
985 1992 1054 2046 par
1081 1990 1285 2030 consulum
1315 1987 1417 2026 inse-

812 2057 862 2096 rit
896 2053 1113 2109 Dionysius
1148 2066 1158 2092 :
1204 2051 1242 2090 in
1271 2063 1418 2088 annum

815 2117 902 2166 264
924 2117 978 2169 Q.
1013 2113 1235 2168 Sulpicium
1270 2111 1418 2151 Came-

813 2181 939 2220 rinum
968 2179 1010 2219 ὅ(
1031 2177 1100 2230 Sp.
1133 2174 1313 2214 Lartium
1334 2173 1420 2212 Fla-

814 2255 909 2280 vum
925 2268 936 2287 ,
957 2252 1125 2292 quorum
1150 2236 1189 2276 in
1210 2234 1420 2275 consulatu

815 2303 899 2342 ludi
930 2300 1030 2341 vitio
1059 2298 1181 2339 faeti:
1210 2298 1248 2336 in
1274 2309 1419 2335 annum

818 2364 898 2416 265
932 2361 983 2404 C.
1019 2360 1166 2403 Juliurn
1208 2358 1342 2400 Julum
1378 2355 1422 2395 δε

817 2424 865 2465 P.
903 2423 1102 2464 Pinarium
1139 2420 1316 2467 Rufum,
1355 2415 1422 2469 qui

817 2487 935 2527 ludos
966 2484 1244 2525 instauravere.
1269 2479 1421 2518 Eorum

819 2548 859 2589 in
877 2545 1130 2588 numerandis
1161 2543 1271 2583 annis
1297 2539 1426 2582 ratio·

820 2624 914 2652 nem
942 2607 1167 2651 habuimus.

1025 2723 1075 2775 K
1108 2721 1159 2789 iij
