1643 3078
466 99 512 156 L
555 114 575 152 1
624 112 658 151 B
705 114 740 152 E
782 115 821 153 R
923 99 992 153 V.
1241 114 1357 178 475

93 173 238 241 plena
261 177 424 226 omnia
450 177 632 242 templa
655 175 985 225 Romanarum
1017 189 1221 227 matrum
1256 197 1364 245 gra·
1384 195 1572 248 U‚c,350,

94 258 169 292 tes
221 246 307 293 diis
360 246 604 311 agentium
641 258 791 294 erant.
851 244 1054 293 Senatus
1096 248 1143 293 in
1180 249 1363 310 quatri-
1381 235 1570 305 λαμ-Ξ.

93 311 243 360 duum
263 349 278 371 ‚
307 327 426 379 quot
455 313 637 362 dierum
669 313 799 360 nullo
838 312 948 359 ante
980 313 1111 359 bello
1133 349 1147 373 ,
1179 314 1365 379 suppli-

94 382 310 428 cationes
352 381 582 430 decernit.
629 380 885 429 Adventus
925 396 1118 444 quoque
1155 380 1363 430 dictato-
1384 401 1570 444 Dic'lator

92 447 155 494 ris
177 485 191 506 ‚
223 451 448 496 omnibus
480 448 725 498 ordinibus
755 445 952 496 obviem
983 445 1137 495 effusis
1171 483 1185 505 ‚
1228 449 1516 502 cele—trium-

91 513 272 563 bratior
291 553 304 574 ‚
333 516 476 582 quitm
497 517 632 565 ullius
651 534 860 582 unquam
879 529 1017 563 antea
1036 513 1122 561 fuit·
1146 533 1156 561 :
1188 517 1362 562 trium—
1378 526 1489 578 pltat.

59 581 306 650 sphusque
328 601 526 632 omnem
545 583 824 633 consuetum
843 581 1113 632 honorandi
1131 581 1253 630 illius
1271 584 1366 631 diei

91 651 299 698 modum
317 653 613 717 aliquantum
633 650 840 700 excessit.
858 650 1073 698 Maxime
1089 649 1368 715 conspectus

91 717 190 781 ipse
218 717 314 779 est,
345 721 655 785 curru'equis
692 720 808 767 albis
841 716 1004 782 ᾖυηξὶο
1038 717 1206 766 urbem
1227 720 1368 768 inve-

91 784 218 833 &cust
247 786 274 834 8
297 804 563 852 parumque
587 787 636 834 id
657 805 756 835 non
778 786 920 834 civile
951 787 1103 834 modo
1125 822 1139 845 ‚
1175 784 1256 835 fed
1277 787 1368 834 hu-

93 870 289 901 manum
310 857 451 903 etiam
470 853 640 904 visum.
676 854 810 903 Jovis
830 851 1044 919 Solisque
1065 856 1197 919 equis
1217 858 1368 920 aequi-

95 924 249 985 parari
280 922 560 971 difflatorem
591 960 606 983 ‚
647 924 695 970 in
726 923 1012 988 religionem
1032 923 1174 970 etiam
1206 924 1368 972 trahe-

94 990 210 1037 bant
245 1007 256 1038 ε
304 990 665 1057 triumphusque
705 990 769 1039 ob
807 1006 915 1037 eam
959 1006 1106 1037 unam
1155 992 1366 1040 maxime

93 1073 197 1105 rem
228 1058 398 1107 clarior
420 1058 564 1125 quem
595 1061 773 1125 gratior
793 1056 895 1106 fuit.
927 1054 1056 1105 Tum
1079 1057 1255 1107 Junoni
1275 1058 1372 1107 Re-

95 1128 218 1190 ginae
241 1128 476 1192 templum
509 1130 556 1175 in
591 1129 843 1174 Aventino
867 1127 1047 1173 locavit
1065 1163 1079 1185 ‚
1112 1140 1142 1189 9
1164 1126 1369 1175 dedica-

95 1196 261 1259 vitque
291 1195 490 1244 Matutae
518 1197 711 1253 matri53
737 1210 879 1260 atque
901 1193 971 1241 his
997 1193 1169 1241 divinis
1193 1195 1368 1242 hum‘a-

97 1261 259 1327 nisque
287 1265 427 1311 rebus
447 1261 585 1328 gestis
603 1300 617 1321 ‚
653 1262 885 1310 difflatur&
911 1262 956 1309 se
981 1262 1235 1311 abdicavit.
1269 1264 1365 1329 Agi
1397 1289 1574 1328 Decimo}

98 1330 273 1379 deinde
331 1331 390 1379 de
430 1332 673 1395 Apollinis
722 1332 856 1378 dono
895 1344 1115 1395 coeptum
1148 1348 1162 1387 3
1210 1333 1284 1378 cui
1319 1332 1512 1405 sep-,2154

98 1397 338 1446 decimam
371 1397 554 1446 vovisse
588 1398 760 1464 praedae
794 1415 977 1463 partem
1007 1416 1154 1463 quum
1184 1399 1470 1468 diceretpars
1514 1413 1561 1448 -ῐ,

96 1464 330 1515 Camillus
353 1504 366 1525 ‚
400 1465 652 1531 pontifices
685 1467 972 1514 solvendum
1002 1467 1233 1532 religione
1272 1485 1359 1531 po·
1378 1474 1531 1530 polani

96 1536 263 1599 pulum
297 1535 545 1583 censerent
580 1553 594 1594 3
644 1535 772 1582 haud
813 1533 952 1582 facile
991 1535 1194 1582 inibatur
1244 1536 1365 1584 ratio
1385 1538 1499 1576 data.

93 1601 295 1666 jubendi
318 1602 497 1651 referre
517 1602 724 1667 praedam
744 1603 980 1668 populum
1001 1640 1014 1662 ,
1034 1618 1085 1649 ut
1109 1618 1164 1650 ex
1182 1619 1239 1650 ea
1261 1621 1371 1668 pars

98 1670 260 1719 debita
292 1673 339 1719 in
379 1671 560 1718 sacrum
602 1669 926 1719 secerneretur
965 1686 979 1728 3
1025 1671 1222 1718 tandem
1261 1673 1321 1719 eo
1348 1708 1369 1730 ‚

96 1739 228 1804 quod
250 1737 538 1787 leviffimum
561 1738 817 1787 videbatur
837 1776 852 1799 ‚
887 1737 1136 1786 decursum
1174 1736 1240 1786 est
1265 1776 1279 1796 ‚
1317 1754 1371 1787 ut

97 1809 179 1872 qui
210 1807 255 1855 se
296 1807 596 1873 domumque
629 1808 863 1874 religione
894 1804 1141 1854 exsolvere
1175 1807 1326 1855 vellet
1357 1845 1374 1868 ,

99 1892 246 1940 quum
288 1875 577 1939 sibimetipse
628 1876 837 1940 praedam
884 1873 1147 1922 aestimaffet
1190 1874 1316 1922 suam
1356 1914 1372 1935 ,

99 1944 302 1992 decimae
335 1945 544 2010 pretium
576 1946 720 2009 partis
760 1945 807 1991 in
846 1942 1089 2007 publicum
1123 1941 1370 1992 deferret:

100 2026 153 2060 ut
180 2028 240 2060 ex
266 2029 326 2060 eo
354 2012 538 2060 donum
569 2028 763 2060 aureum
783 2049 799 2072 ,
833 2011 1030 2076 dignum
1055 2011 1373 2075 amplitudine

99 2080 316 2145 templi,
359 2098 413 2128 ac
437 2081 642 2128 ‘numine
679 2080 788 2138 dei,
836 2095 895 2126 ex
937 2078 1166 2144 dignitate
1206 2080 1375 2144 populi

102 2146 314 2196 Romani
339 2146 496 2196 fieret.
530 2145 598 2195 Ea
632 2162 826 2214 quoque
857 2146 1055 2194 collatio
1089 2146 1243 2211 plebis
1272 2149 1378 2195 ani-

102 2233 213 2264 mos
235 2234 260 2264 a
290 2214 502 2265 Camillo
523 2216 764 2263 alienavit.
799 2213 931 2263 Inter
950 2215 1048 2262 haec
1073 2213 1377 2280 pacificatum

102 2284 249 2352 lega‘ti
270 2302 297 2332 a
319 2283 511 2333 Volscis
535 2284 584 2333 &
609 2284 777 2350 AEquis
803 2298 1069 2332 venerunt:
1098 2286 1380 2349 impetrata-

150 2387 175 2426 8
191 2385 389 2428 Parum...
408 2401 485 2427 non
501 2387 616 2426 civile
631 2401 707 2426 mc>r
834 2399 858 2439 9
888 2387 1175 2441 Dedicavitque
1204 2386 1379 2429 Mamm

109 2448 158 2488 ᾱὸ
182 2475 195 2493 ,
233 2445 305 2501 sed
327 2449 527 2488 humanum
559 2449 705 2503 etiam]
773 2451 905 2488 macris
926 2454 932 2498 ᾗ
954 2449 1104 2501 Supple
1120 2479 1131 2498 ,
1149 2451 1343 2501 ternplum
1362 2476 1376 2496 ,

108 2509 249 2550 Parum
274 2511 521 2550 conveniens
542 2524 622 2549 non
652 2511 713 2550 so·
776 2510 854 2550 five
873 2510 1221 2550 aedemDicebam
1241 2513 1382 2550 locare

110 2569 192 2611 lum
226 2573 322 2610 civis
356 2572 556 2612 modestiae
589 2599 600 2618 ‚
648 2571 714 2612 sed
778 2573 968 2625 templum
991 2571 1111 2610 alicui
1134 2572 1234 2619 deo5
1268 2572 1384 2611 ded}-

112 2633 236 2680 etiam
251 2633 422 2676 hominis
443 2633 684 2676 conditioni.
780 2648 871 2676 care
893 2635 1083 2683 templum
1105 2632 1266 2688 alicujus
1277 2633 1382 2679 Dei,

235 2719 252 2741 J
979 2687 1110 2757 ij
