1643 3078
405 130 450 186 L
494 147 518 186 1
564 141 598 182 B
648 142 681 183 a
730 145 769 185 R
869 132 892 186 Ι
928 129 997 185 V.
1207 149 1322 207 419

53 209 286 261 Praedaene
309 207 630 273 interceptorem
653 204 1044 273 fraudatoremque
1068 209 1199 257 etiam
1233 229 1327 258 ma-
1347 222 1536 273 U-C·34¹·

46 277 145 325 lum
177 277 378 324 minitari
412 275 679 323 militibus?
721 273 888 338 Itaque
919 292 1066 338 quum
1105 276 1324 326 fremitus
1349 278 1441 321 ak·
1475 281 1563 316 11?

50 345 215 408 aperte
233 341 348 391 effet
371 380 385 400 ‚
425 344 476 391 r&
512 339 715 406 quaestor
746 340 800 389 P.
821 339 994 389 Sestius
1024 343 1197 390 eadem
1217 346 1325 393 vio-

15 461 18 463 ,
49 410 197 460 lentis
226 412 440 459 coerceri
472 422 663 474 putaret
697 407 987 458 seditionem
1014 408 1148 474 posse
1175 446 1188 467 ,
1231 410 1326 475 qua

0 531 2 533 ,
50 494 186 528 mota
226 493 325 526 erat
354 514 369 536 ‚
414 474 549 525 misso
589 476 650 524 ad
686 475 1036 526 vociferantem
1062 477 1324 541 quemdam

49 545 252 594 militem
286 543 479 604 more,
515 561 661 610 quum
698 543 810 592 inde
831 544 1012 592 clamor
1035 543 1087 591 &
1118 542 1324 609 jurgium

44 613 254 662 oriretur
273 650 288 673 ,
319 611 430 661 saxo
466 610 581 660 ictus
619 611 758 660 turba
793 611 1016 659 excedit:
1043 609 1231 674 insuper
1250 612 1325 658 in-

48 696 276 744 crepante
305 682 384 744 qui
417 679 755 728 vulneraverat
781 714 794 736 ,
838 680 1016 726 Habere
1038 680 1281 744 quaestorem
1302 716 1322 737 ,

53 749 176 812 quod
188 749 425 811 imperator
449 743 548 807 effer
577 746 798 792 militibus
827 748 1046 793 minatus.
1081 744 1163 794 Ad
1192 745 1320 794 hunc

48 814 309 862 tumultum
343 814 518 860 accitus
557 811 853 872 Postumius,
889 811 1126 878 asperiora
1158 815 1322 862 omnia

49 878 163 935 fecit
191 917 206 940 ‚
251 880 433 929 acerbis
468 878 805 945 quaestionibus
829 917 844 938 ‚
896 880 1166 928 crudelibus
1204 880 1322 947 sup-

51 948 241 1014 pliciis;
283 946 525 1013 postremo
550 984 565 1006 ,
604 965 750 1012 quum
782 946 982 995 modum
1022 949 1102 994 irae
1138 948 1323 996 nullum

50 1014 234 1063 faceret
256 1052 270 1074 ‚
307 1016 366 1062 ad
395 1013 796 1063 vociferationem
821 1031 989 1063 eorum
1019 1032 1140 1079 quos
1176 1031 1202 1061 2
1236 1031 1325 1063 ne·

49 1083 147 1131 cari
169 1082 250 1131 sub
274 1098 402 1131 crate
431 1079 618 1148 jusserat
642 1120 656 1141 ,
685 1081 914 1130 concursu
940 1080 1064 1128 frisio
1091 1119 1105 1139 ‚
1137 1081 1233 1146 ipse
1259 1081 1323 1131 ad
1447 1116 1465 1128 x

53 1150 416 1215 interpellantes
453 1167 648 1215 poenam
680 1166 851 1197 vecors
885 1149 943 1196 de
980 1149 1200 1196 tribunali
1230 1150 1324 1197 de-

52 1220 215 1266 currit.
243 1216 317 1264 Ibi
339 1234 484 1282 quum
505 1216 866 1266 summoventes
898 1214 1064 1280 passim
1094 1215 1282 1264 lifiores
1311 1252 1327 1277 ,

53 1285 450 1350 centurionesque
484 1301 715 1333 vexarent
748 1285 933 1332 turbam
956 1321 970 1341 ‚
1008 1284 1068 1331 eb
1097 1283 1325 1349 indigna-

52 1352 123 1401 tio
147 1355 300 1417 erupit
321 1390 336 1412 ‚
374 1368 424 1399 ut
452 1352 663 1399 tribunus
682 1351 886 1399 militum
909 1350 966 1397 ab
995 1354 1208 1399 exercitu
1238 1349 1322 1400 suo
1346 1358 1406 1399 Ab
1425 1373 1538 1400 exer-

11 1430 13 1432 '
53 1419 291 1484 lapidibus
321 1421 666 1483 cooperiretur.
716 1416 874 1482 Quod
907 1433 1004 1466 tam
1041 1434 1176 1467 atrox
1204 1417 1322 1466 faci·
1344 1420 1423 1460 citu
1448 1421 1508 1460 la-

54 1504 142 1536 nus
167 1485 418 1552 postquam
452 1485 517 1533 est
544 1485 753 1535 Romam
786 1487 1051 1534 nuntiatum
1072 1523 1086 1544 ‚
1121 1486 1321 1534 tribunis
1338 1481 1492 1549 [widila-as

54 1555 258 1603 militum
280 1554 339 1603 de
361 1569 518 1601 morte
541 1554 742 1619 collegae
762 1570 846 1618 per
867 1552 1079 1600 senatum
1101 1552 1320 1618 quaestio·
1342 1542 1520 1582 obruam·

55 1638 140 1670 nes
178 1621 546 1670 decernentibus
581 1658 594 1680 ‚
641 1622 817 1669 tribuni
856 1620 1009 1686 plebis
1052 1621 1325 1670 intercede-
1343 1601 1481 1672 Postu-

52 1689 208 1748 bant3
238 1689 319 1738 sed
341 1706 396 1736 ea
429 1689 680 1737 contentio
709 1704 767 1736 ex
806 1690 1062 1737 certamine
1088 1690 1181 1737 alio
1212 1706 1326 1753 pen·
1340 1679 1461 1709 mzus.

57 1756 233 1806 debat:
267 1756 398 1822 quod
434 1774 544 1803 cura
587 1754 830 1804 incesserat
866 1754 1061 1816 Patres,
1101 1773 1161 1804 ne
1192 1771 1326 1805 metu

55 1824 367 1891 quaestionum
397 1824 532 1888 plebs
561 1824 723 1888 iraque
746 1861 760 1883 ‚
800 1824 1014 1871 tribunos
1043 1824 1244 1872 militum
1267 1841 1329 1872 ex

56 1892 203 1958 plebe
243 1907 466 1940 crearet:
512 1892 867 1955 tendebantque
909 1890 1094 1939 summa
1139 1908 1236 1956 ope
1275 1905 1329 1940 ut

56 1959 292 2008 consules·
320 1973 608 2006 crearentur.
658 1956 831 2022 Quum
873 1957 1330 2007 senatusconsultum

59 2025 162 2076 fieri
184 2026 357 2074 tribuni
380 2025 531 2090 plebis
554 2043 652 2073 non
672 2040 946 2090 paterentur
962 2064 977 2086 ‚
1010 2026 1157 2074 iidem
1181 2028 1330 2074 inter-

59 2095 286 2143 cederent
320 2092 640 2141 consularibus
668 2094 875 2140 comitiis
899 2130 912 2151 ‚
951 2109 1023 2141 res
1044 2094 1100 2141 ad
1124 2096 1330 2142 interte-

60 2178 209 2229 gnum
227 2160 380 2209 rediit.
404 2159 620 2208 Vistoria
638 2160 812 2209 deinde
839 2176 987 2225 penes
1007 2158 1164 2209 Patres
1186 2160 1292 2209 fuit.

126 2227 204 2277 LI.
234 2227 306 2292 Q.
329 2226 476 2275 Fabio
500 2227 742 2276 Vibulano
760 2230 995 2292 interrege
1016 2230 1206 2276 comitia
1230 2229 1321 2276 ha-
1344 2217 1537 2271 U·⁰·34²·'

56 2295 236 2354 bente‚
267 2295 483 2343 consules
507 2298 649 2343 creati
681 2294 783 2342 sunt
808 2294 880 2342 M.
911 2293 1167 2344 Cornelius
1204 2295 1323 2343 Cos-
1346 2273 1533 2369 &¹2⁷0

59 2362 133 2412 sus
151 2401 165 2422 ‚
191 2363 246 2411 L.
273 2362 436 2411 Furius
460 2362 768 2410 Medullinus.
792 2362 879 2409 His
904 2362 1169 2411 consulibus
1192 2364 1319 2428 prin-
1343 2345 1536 2431 melgor·

60 2431 188 2496 cipio
215 2432 324 2477 anni
354 2429 800 2479 senatusconsultum
832 2428 1008 2478 faCtum
1034 2429 1099 2479 est
1127 2468 1142 2490 ‚
1177 2445 1229 2478 ut
1262 2431 1322 2479 de
1342 2450 1388 2492 1„
1412 2419 1535 2495 fu'rio

61 2496 321 2565 quaestione
339 2495 653 2546 Postumianae
673 2497 812 2546 caedis
835 2497 1011 2546 tribuni
1028 2500 1184 2563 primo
1207 2516 1325 2564 quo·
1347 2514 1455 2560 (ΜΓ,

124 2597 150 2625 2
169 2585 318 2625 Nccari
341 2582 412 2638 sub
430 2585 562 2638 crate]
597 2584 688 2627 Hoc
721 2583 902 2640 supplicii
927 2596 1053 2639 genus
1088 2581 1230 2625 claritis
1260 2584 1326 2626 de-

66 2644 280 2700 scribitur,
313 2646 342 2688 1.
375 2647 418 2693 1,
451 2660 488 2688 c.
524 2657 595 2698 51.
947 2701 998 2751 V
1032 2699 1061 2714 .-

1030 2718 1062 2767 ¹]
