1704 3073
330 140 409 214 46
659 139 712 197 Τ
758 157 778 196 1
824 156 864 197 T
908 157 929 197 1
1016 142 1060 199 L
1095 155 1116 195 1
1160 155 1205 195 v
1248 155 1269 196 1
1315 156 1338 195 1

332 221 528 279 berario,
561 221 641 287 qui
670 221 831 269 bellum
850 220 1048 288 ficscepit
1061 239 1082 280 ‚·
1110 239 1175 269 me
1204 221 1387 269 Albani
1413 220 1605 287 ἕενεηεῖσ

327 288 447 336 bello
482 291 634 337 ducem
666 307 874 337 creavere.
908 291 1036 337 Illud
1061 303 1102 336 te
1119 326 1136 347 ,
1179 289 1308 337 Tulle
1334 326 1351 347 ,
1383 291 1601 337 monitum

330 357 481 406 velim.
517 354 709 417 Etrusca
745 375 809 404 res
849 371 1020 421 quanta
1051 358 1169 404 circa
1202 375 1285 404 nos
1330 370 1459 421 teque
1506 374 1603 403 ma-

332 425 526 487 xime'fit
539 460 557 482 ,
586 441 672 488 quo
683 425 913 489 propiores
937 442 1019 473 vos
1031 460 1049 482 ,
1071 424 1153 470 hoc
1170 426 1315 490 magis
1323 422 1418 487 scis
1438 443 1459 483 ,·
1486 423 1606 470 mul-

330 491 426 540 tz‘cm
461 492 535 539 illi
567 492 678 538 terrei
694 527 712 549 3
746 492 993 557 plurimizm
1031 493 1144 539 mari
1182 493 1375 557 pollent.
1428 493 1606 539 Memor

331 561 414 625 esto
429 596 446 617 ,
464 556 568 624 jam
600 577 735 623 quum
755 560 933 625 figmcm
958 577 1122 625 pugnae
1161 561 1292 606 dabis
1307 597 1333 617 ‚⁷
1356 561 1440 606 lzas
1486 561 1606 605 duas

330 629 452 673 acies
469 625 724 690 spectaculo
744 625 845 691 fhre
869 646 890 686 ;
923 641 972 674 ut
981 625 1123 691 fiſjbs
1150 625 1449 692 confeblofipte
1464 625 1608 689 fimul

330 696 535 741 vicciorem
564 712 620 741 ac
652 696 817 743 vibium
863 689 1188 761 aggrediantur.¹
1224 695 1421 758 Itaque,
1437 695 1485 757 fi
1517 711 1607 740 nos

330 764 399 808 dii
428 775 587 809 amant
603 799 621 819 ,
648 764 862 826 quoniam
887 781 977 810 non
1013 764 1208 809 contenti
1229 763 1425 809 libertate
1457 761 1604 819 cenci,

291 855 298 859 ‘
330 831 380 877 in
413 830 597 877 dubiam
621 831 794 895 imperii
816 828 1080 894 servitiique
1107 830 1254 877 aleam
1282 832 1399 877 imus
1419 847 1440 888 ;
1481 831 1610 876 inea·-

331 915 432 945 mus
463 897 668 961 aliquam
695 899 819 945 viam
835 935 851 956 ,
879 899 970 962 qud
993 899 1081 945 utri
1106 900 1218 945 utris
1248 900 1487 962 imperent,
1505 897 1607 959 sine

332 982 497 1030 magna
524 965 682 1022 clade,
710 966 810 1028 fine
847 965 986 1012 multo
1009 963 1235 1031 sanguine
1269 963 1491 1029 utriuffiue
1520 981 1609 1029 po-

322 1034 466 1100 puli,
501 1034 671 1080 decerni
697 1033 845 1097 poffit.
881 1031 1027 1080 Haud
1058 1032 1275 1099 displicet
1305 1049 1379 1080 res
1417 1030 1567 1079 Tullo
1590 1066 1608 1092 ,

329 1117 607 1166 quanquam
637 1114 741 1148 tum
772 1100 938 1148 indole
971 1100 1118 1147 animi
1144 1137 1158 1159 ‚
1192 1115 1296 1149 tum
1326 1099 1410 1165 spe
1451 1098 1609 1147 vibio-

325 1171 409 1217 riae
439 1167 651 1217 ferocior
687 1183 804 1217 erat.
839 1166 1183 1232 Quaerentibus
1209 1170 1447 1233 utrimque
1483 1169 1609 1217 ratio

324 1239 469 1286 initur
487 1274 500 1294 ,
522 1238 597 1284 cui
623 1236 676 1284 &
697 1235 889 1285 fortuna
911 1235 1009 1301 ipsa
1033 1236 1236 1301 praebuit
1259 1237 1525 1285 materiam.

123 1309 315 1359 Horatio-
399 1302 590 1353 XXIV.
643 1303 790 1352 Forte
838 1306 886 1352 in
938 1304 1127 1352 duobus
1174 1318 1277 1351 turn
1323 1302 1607 1352 exercitibus

123 1392 206 1417 rum
236 1380 273 1419 6·
333 1387 468 1422 erant
493 1388 514 1419 1
545 1373 789 1438 trigemini
814 1370 1008 1431 fratres,
1028 1388 1117 1420 nec
1142 1387 1279 1420 aetate
1307 1388 1399 1419 nec
1430 1371 1607 1419 viribus

122 1440 558 1506 Curiatio-dispares,
592 1455 618 1486 2
658 1440 890 1488 Horatios
935 1438 1275 1506 Curiatiosque
1323 1436 1456 1488 fuiffe
1501 1437 1611 1487 satis

121 1514 204 1539 '¹³⁷⁷'
222 1516 305 1543 cer-
331 1508 514 1558 constat
540 1523 556 1566 3
591 1523 683 1556 nec
719 1507 873 1557 ferme
903 1524 978 1557 res
1020 1508 1213 1575 antiqua
1245 1507 1334 1556 alia
1369 1504 1436 1555 est
1464 1506 1609 1555 nobi-

123 1572 254 1603 tamen
286 1626 294 1634 ‚
332 1578 424 1626 lior
441 1594 456 1638 3
476 1592 639 1626 tamen
661 1577 711 1623 in
735 1593 785 1625 re
802 1591 900 1624 tam
921 1576 1044 1624 clara
1066 1577 1320 1624 nominum
1344 1591 1479 1624 error
1497 1592 1606 1622 ma·-

119 1637 308 1678 propom-
334 1660 464 1705 net3
506 1645 655 1691 utrius
705 1644 876 1710 populi
931 1643 1123 1692 Horatii
1154 1680 1169 1703 ‚
1221 1646 1371 1692 utrius
1409 1641 1611 1691 Curiatii

120 1694 204 1729 Μ’
333 1711 525 1763 fuerint.
552 1709 790 1761 Au&0res
824 1709 1031 1778 utroque
1066 1712 1257 1760 trahunt
1284 1728 1295 1759 :
1327 1711 1489 1776 plures
1530 1725 1609 1759 ta·-

332 1798 446 1831 men
479 1781 678 1829 invenio
699 1817 715 1841 ,
737 1780 819 1846 qui
837 1779 1091 1828 Romanos
1125 1780 1358 1829 Horatios
1389 1792 1573 1827 vocent
1593 1815 1608 1838 ‚

328 1849 419 1899 hos
448 1865 498 1898 ut
528 1847 726 1913 sequar,
759 1848 954 1896 inclinat
981 1850 1184 1896 animus.
1220 1846 1349 1895 Cum
1389 1847 1610 1913 trigemi-

327 1919 400 1967 nis
433 1931 579 1984 agunt
614 1932 784 1982 reges,
817 1929 869 1965 ut
899 1934 988 1982 pro
1014 1915 1091 1963 sua
1125 1915 1322 1982 quisque
1354 1917 1504 1980 patria
1536 1914 1610 1962 di-

328 1986 510 2034 micent
541 1982 671 2032 ferro
704 1999 721 2042 3
754 1985 817 2031 ibi
860 1986 1088 2050 imperium
1115 1982 1249 2047 fore,
1278 1985 1394 2030 unde
1420 1983 1610 2031 vift'oria

317 2051 461 2119 ficerit
491 2072 505 2101 .·
540 2051 661 2099 nihil
698 2050 939 2100 recusatur
972 2068 983 2100 :
1014 2067 1207 2117 tempus
1233 2052 1282 2099 ἃ
1312 2050 1448 2099 locu-s
1488 2066 1610 2098 con-

323 2122 477 2170 venit.
511 2118 781 2186 Priusquam
814 2120 1096 2168 dimicarent
1116 2156 1130 2178 ,
1169 2118 1328 2167 foedus
1360 2117 1503 2165 stium
1534 2119 1610 2166 in-

324 2202 400 2239 ter
430 2188 684 2237 Romanos
719 2187 773 2236 &
816 2187 1038 2236 Albanos
1073 2185 1140 2235 est
1183 2188 1255 2234 his
1290 2186 1474 2252 legibus
1497 2222 1512 2244 ‚
1555 2198 1609 2234 ut

331 2270 355 2321 3
388 2255 614 2322 cujusque
637 2254 804 2322 populi
829 2257 959 2305 cives
986 2273 1046 2305 eo
1075 2255 1335 2304 certamine
1356 2252 1607 2314 vicissent,

395 2389 410 2417 1
442 2375 688 2431 Trigemini]
722 2375 849 2417 Terni
870 2389 938 2417 eo·
1002 2377 1073 2415 bus
1097 2373 1272 2415 Secienii
1300 2370 1479 2419 Albani;
1508 2385 1610 2425 qua-

328 2438 419 2479 dem
450 2449 567 2491 partu
600 2438 712 2477 editi.
1002 2452 1086 2478 rum
1113 2437 1239 2476 altera
1260 2432 1447 2474 Curiatio
1465 2433 1608 2478 Albae,

379 2505 417 2539 ‘2
433 2499 626 2539 Horatios
646 2495 933 2553 Curiatiosque]
1001 2500 1126 2539 altera
1160 2497 1334 2538 Horatio
1367 2495 1505 2535 Romae
1532 2508 1611 2535 nu·

329 2560 414 2601 Eos
489 2560 753 2602 consobrinos
827 2561 937 2602 fuisse
1001 2571 1112 2615 ptum
1143 2559 1232 2599 data
1265 2558 1415 2598 fuerat.

330 2622 460 2662 Dion.
481 2622 600 2662 tradit
622 2650 634 2670 ‚
653 2622 680 2660 l.
706 2621 793 2669 111,
817 2631 935 2663 natos
1065 2633 1085 2673 3
1112 2618 1336 2675 Cujusque]
1358 2614 1533 2672 Antique
1553 2614 1610 2658 di.-

330 2696 382 2725 ex
411 2684 560 2726 duabus
580 2682 778 2726 sororibus
800 2710 811 2732 ,
835 2683 938 2726 filia·
1003 2683 1108 2724 &um
1134 2696 1210 2736 pto
1234 2680 1356 2736 cujus.
