1704 3073
309 129 448 189 132·
585 109 850 169 T1T1
954 111 1288 169 L1v11

95 207 284 257 {af-0245·
300 212 402 242 non
425 195 624 242 invenio
643 190 920 242 Lucretium
939 191 1184 241 consulem
1208 210 1217 241 :
1248 192 1398 243 Bruto
1418 191 1576 244 statim

92 271 282 314 :1:2507·
302 261 558 310 Horatium
591 261 846 328 suggerunt
877 278 891 320 3
934 260 1082 308 credo
1104 298 1117 320 ,
1145 261 1254 328 quia
1283 262 1412 311 nulla
1446 262 1544 329 gest

301 347 377 379 res
430 328 662 397 insignem
715 328 883 377 fecerit
936 327 1233 393 consulatum
1268 365 1283 389 ‚
1338 281 1576 380 memori}

298 396 603 447 intercidisse.
631 395 866 445 Nondum
887 395 1110 445 dedicata
1127 411 1226 446 erat
1246 398 1295 446 i'n
1322 395 1574 465 Capitolio

297 464 325 515 J
329 467 436 514 ovis
455 466 595 515 aedes.
620 465 843 513 Valerius
869 463 1194 530 Horatiusque
1218 465 1436 516 consules
1468 466 1577 515 sor-

296 535 371 584 titi
391 549 497 583 uter
520 533 781 582 dedicaret.
826 533 1036 581 Horatio
1061 530 1185 582 sorte
1204 536 1386 584 evenit.
1414 533 1578 583 Publi-

119 611 283 669 Capz'co-
301 602 409 651 cola
449 603 507 651 ad
547 601 830 649 Veientium
865 600 1051 649 bellum
1081 599 1343 665 profeciu&
1384 602 1578 669 AEgriiis

89 677 185 715 lium
218 676 284 714 de·
303 671 447 736 quam
487 670 684 736 dignum
725 683 828 717 erat
861 668 1014 718 tulere
1061 667 1246 717 Valerii
1289 668 1531 718 necessarii
1561 708 1576 731 ,

89 738 257 778 dicacur.
302 739 661 787 dedicationem
687 752 786 785 tam
819 738 990 802 inclyti
1015 737 1184 802 templi
1218 736 1427 794 Horatio
1461 738 1578 787 dari.

300 805 356 855 Id
386 808 611 855 omnibus
633 805 792 869 modis
819 806 1055 871 impedire
1091 807 1252 854 conati
1271 843 1287 865 ‚
1321 803 1579 873 postquam

299 876 392 924 alia
421 873 585 922 frustra
610 888 794 922 tentata
814 888 948 922 erant
966 911 980 933 ,
1012 889 1044 935 7
1067 872 1254 939 postem
1272 872 1370 938 jam
1391 876 1600 940 tenenti

299 942 483 993 consuli
517 942 702 991 foedum
747 943 870 990 inter
915 943 1246 1007 precationem
1280 941 1426 990 deum
1457 959 1580 991 nun-

299 1013 420 1061 tium
442 1013 677 1060 incutiunt
701 1027 710 1057 :
737 1025 982 1058 mortuum
1003 1007 1104 1074 ejus
1121 1007 1270 1058 filium
1291 1008 1385 1059 effe
1406 1047 1421 1071 ,
1447 1010 1476 1060 8
1502 1008 1580 1059 fu-

298 1078 530 1146 nestaque
572 1078 752 1127 familia
796 1077 1020 1127 dedicare
1050 1094 1162 1127 eum
1202 1079 1442 1144 templum
1478 1096 1580 1127 non

300 1147 454 1215 posse.
490 1148 608 1196 Non
640 1146 896 1196 crediderit
922 1145 1131 1207 facium,
1168 1163 1229 1194 an
1262 1161 1451 1195 tantum
1479 1147 1583 1195 ani-

300 1235 387 1266 mo
423 1218 612 1265 roboris
647 1216 789 1266 fuerit
810 1253 825 1275 ‚
859 1232 950 1264 nec
972 1215 1169 1264 traditur
1193 1230 1378 1264 certum
1395 1252 1409 1276 ‚
1441 1229 1472 1280 9
1490 1231 1582 1264 nec

299 1286 635 1350 interpretatio
671 1282 737 1333 est
776 1282 943 1332 facilis,
985 1300 1002 1331 1
1042 1281 1175 1330 Nihil
1209 1283 1337 1332 aliud
1374 1283 1434 1331 ad
1469 1300 1582 1332 eum

91 1343 282 1420 {³224}
303 1356 523 1402 nuntium
545 1372 569 1401 a
600 1350 847 1418 proposito
879 1350 1066 1401 aversus
1087 1388 1102 1410 ‚
1137 1349 1281 1415 quam
1309 1364 1358 1399 ut
1380 1350 1584 1402 cadaver

306 1419 462 1471 efferri
491 1439 515 1469 2
549 1419 733 1485 juberet
757 1458 770 1479 ,
792 1435 962 1469 tenens
988 1418 1173 1484 postem
1195 1456 1211 1479 ‚
1250 1422 1585 1486 precationem

94 1417 111 1434 ⁷¹
136 1404 182 1440 (T.
216 1413 238 1436 C)
272 1427 283 1440 .

93 1461 139 1502 P.
161 1414 288 1500 ῒνῙςὲῙῗέ·
460 1491 468 1500 ,
729 1491 736 1497 ,
1653 1491 1656 1493 -

94 1526 174 1563 rius
209 1521 262 1559 11.
309 1506 491 1557 peragit
514 1527 527 1548 ‚
557 1493 610 1537 oc
628 1489 813 1537 dedicat
835 1488 1088 1554 templum.
1118 1487 1237 1535 Haec
1261 1485 1366 1554 post
1389 1486 1581 1537 εκεξὶος

95 1585 148 1624 2
183 1583 266 1622 Lu·
307 1575 444 1626 reges
475 1558 610 1606 domi
641 1557 912 1622 militiaeque
941 1555 1068 1624 gesta
1093 1557 1251 1620 primo
1283 1574 1430 1605 anno.
1461 1555 1582 1605 Inde
1642 1599 1659 1607 ,,

306 1626 359 1677 Ρ.
379 1626 600 1675 Valerius
617 1625 790 1673 iterum
807 1662 820 1684 ‚
839 1623 903 1673 T.
920 1624 1168 1673 Lucretius
1185 1660 1200 1684 ,
1222 1623 1441 1673 consules
1458 1623 1583 1673 facti.

374 1694 463 1744 IX.
505 1693 613 1742 Jam
653 1692 905 1760 Tarquinii
936 1693 996 1742 ad
1035 1708 1057 1759 3
1100 1691 1294 1742 Lartem
1322 1691 1584 1742 Porsenam

96 1645 227 1686 cretio

96 1706 209 1751 Coff.

367 1798 648 1852 7P0stemjam
662 1797 810 1838 tenenti
824 1810 916 1838 cont
969 1797 1139 1853 facilis]
1173 1799 1260 1839 Nec
1293 1796 1411 1837 facile
1445 1796 1499 1837 est
1532 1810 1584 1838 ex

300 1858 411 1916 sicli]
439 1861 600 1914 Templi
623 1862 730 1914 quod
752 1860 914 1900 dedica·
976 1874 1085 1901 mera
1098 1859 1326 1914 conjectura
1345 1859 1585 1899 decernere.

245 1952 254 1958 ψ
305 1926 375 1963 bat
390 1952 400 1970 ,
416 1923 583 1977 postem.
603 1922 913 1976 Etenimpostem
1043 1934 1057 1963 1
1091 1922 1210 1963 Nihil
1242 1920 1405 1963 aliud...
1434 1920 1579 1975 qudm]

306 1985 434 2025 teneri
467 1996 647 2039 oportere
682 1983 720 2023 in
753 1984 915 2023 dedica-
977 1983 1205 2025 Duntaxat.

1040 2059 1065 2086 2
1078 2044 1253 2097 Iuberet]
1275 2042 1470 2084 Nimirum
1486 2057 1582 2085 con·

980 2107 1035 2147 sul
1053 2107 1151 2148 illud
1170 2120 1286 2146 omen
1299 2120 1380 2146 non
1396 2106 1556 2160 accepit
1571 2133 1584 2154 ‚

979 2169 1046 2209 sed
1078 2168 1303 2222 repudiavit
1336 2168 1377 2208 δι
1416 2167 1584 2222 abjecit.

307 2048 416 2086 tione
445 2046 581 2100 templi
610 2046 718 2085 testis
745 2045 799 2086 est
821 2045 913 2086 Cic-

306 2121 382 2162 pto
413 2109 561 2154 domo,
591 2121 631 2149 n.
670 2118 769 2147 121.

373 2169 396 2208 8
435 2168 671 2218 Fanestri...
701 2166 912 2222 familid]

309 2229 476 2281 Funesta
510 2229 670 2283 familia
707 2230 916 2270 dicebatur

310 2291 503 2345 tantisper
538 2319 550 2339 ‚
599 2292 689 2330 dum
743 2292 916 2331 cadaver

311 2354 516 2394 humatum
557 2366 638 2392 non
681 2351 805 2400 effet,
844 2366 916 2392 ne-

312 2429 391 2468 que
424 2414 520 2467 justa
546 2414 762 2466 persoluta.
798 2414 916 2466 Apud

311 2477 460 2530 virgil.
489 2475 670 2517 Misenus
699 2475 915 2527 insepultus

313 2550 436 2577 totam
457 2566 468 2576 .
485 2566 497 2578 .
516 2566 527 2578 .
546 2565 558 2576 .
588 2536 750 2585 incestat
775 2535 916 2589 finiere

312 2598 481 2652 claffem.
500 2596 635 2639 AEn.l.
650 2598 789 2644 V1,v.
816 2611 828 2636 ι
845 2611 913 2646 50.

373 2672 399 2713 9
439 2661 527 2701 Nec
554 2658 827 2715 interpretatio
864 2658 916 2711 est

982 2230 1164 2272 Observa
1199 2228 1378 2270 oblativa
1411 2229 1583 2284 auguri,

979 2291 1008 2331 i.
1052 2305 1090 2332 e.
1136 2306 1223 2345 quae
1273 2289 1587 2344 incogitantibus

982 2353 1252 2393 offerebantur
1266 2380 1277 2399 ,
1295 2351 1442 2392 licuisse
1463 2365 1587 2405 repu-

981 2415 1088 2454 diare
1118 2428 1128 2455 :
1167 2429 1247 2455 non
1274 2414 1370 2454 item
1404 2414 1586 2468 impetra·

981 2476 1064 2514 tiva
1084 2504 1095 2523 ,
1127 2491 1213 2530 quae
1244 2476 1329 2529 quis
1350 2489 1370 2514 a
1405 2475 1478 2515 diis
1511 2489 1586 2529 pe-

979 2538 1050 2577 tita
1083 2537 1340 2591 impetrasset.

1042 2611 1061 2650 3
1085 2599 1275 2652 Lartem]
1311 2598 1469 2638 Volunt
1495 2598 1585 2651 ple-

977 2658 1092 2714 rique
1135 2660 1379 2714 interpretes
1424 2659 1584 2701 Lartem
