1653 3078
409 103 767 157 LIBER
866 93 971 148 ΙΙ.
1200 104 1302 161 123

38 199 175 239 aetate
197 190 251 235 ac
269 182 499 249 dignitate
520 216 534 238 ‚
563 177 698 227 socer
719 186 952 240 praeterea
968 167 1108 233 ipsius
1128 205 1142 227 ‚
1168 183 1310 233 agere
1329 176 1523 226 U·C·‘2450

40 257 170 304 varie
195 290 209 312 ‚
241 249 460 317 rogando
502 246 689 296 alternis
719 239 1058 301 suadendoque
1081 272 1093 293 ‚
1127 238 1274 297 coepit
1297 271 1311 293 ,
1330 232 1518 282 a.C.507.‘

39 337 91 371 ut
121 322 247 371 vinci
273 318 318 366 se
351 313 575 366 consensu
600 311 803 360 civitatis
825 318 1068 374 pateretur
1096 319 1109 358 ·,
1138 303 1311 349 timens

38 387 200 438 consul
223 424 238 447 ,
267 403 326 434 ne
357 381 666 450 postmodum
689 379 878 444 privato
904 373 985 421 fibi
1014 369 1184 418 eadem
1210 367 1313 427 illa,

39 474 147 505 cum
176 454 418 502 bonorum
450 448 698 499 amiffione
729 445 985 507 additaque
1009 438 1096 485 alia
1124 434 1314 499 insuper

39 523 301 590 ignominia
323 560 337 581 ‚
368 520 642 568 acciderent
664 553 677 574 ,
711 510 950 561 abdicavit
973 507 1018 554 se
1042 503 1306 552 consulatu:
1348 509 1522 550 Abdicat

38 590 272 655 rebusque
292 588 378 636 suis
398 587 622 635 omnibus
644 582 894 631 Lavinium
919 571 1146 623 transsatis
1163 610 1176 631 ‚
1196 571 1364 627 civi-se
1399 588 1492 611 cen-

41 674 136 708 tate
170 655 317 705 ceffit.
356 655 528 705 Brutus
557 670 614 701 ex
639 643 1040 698 senatusconsulto
1061 640 1120 688 ad
1148 656 1305 704 popu·
1322 632 1476 688 sulam.

39 727 139 775 lum
177 725 314 784 tulit,
345 738 393 770 ut
419 738 603 784 *omnes
630 715 904 780 Tarquiniae
943 711 1096 777 gentis
1129 705 1311 755 exsules

43 792 226 843 essent:
265 792 503 856 collegam
534 786 614 836 fibi
639 783 845 833 comitiis
874 777 1146 829 centuriaris
1182 790 1312 822 crea·
1360 781 1526 824 Sumsi-

41 863 113 912 vit
144 859 197 909 P.
222 859 470 907 Valerium
492 893 506 913 ,
541 871 638 920 quo
673 849 895 912 adjutore
919 862 1057 911 reges
1088 840 1314 905 ejecerat.
1334 859 1397 885 tur
1438 842 1491 883 P.

113 925 202 980 III.
242 927 412 991 Quum
457 922 582 971 haud
621 921 840 982 cuiquam
881 917 928 963 in
969 912 1116 960 dubio
1163 907 1314 968 esset,
1339 904 1521 949 Valeaems

41 995 224 1046 bellum
251 995 309 1042 ab
337 990 610 1058 Tarquiniis
636 987 887 1035 imminere
908 1020 922 1043 ,
952 980 999 1028 id
1022 978 1218 1045 quidem
1238 976 1316 1041 spe

45 1065 263 1113 omnium
299 1060 441 1110 serius
481 1057 608 1114 fuit3
653 1054 866 1103 ceterum
893 1087 906 1109 ,
949 1047 997 1096 id
1044 1045 1178 1113 quod
1216 1062 1317 1093 non
1368 1048 1371 1050 ’

43 1131 318 1188 timebant,
360 1144 445 1192 per
492 1126 657 1173 dolum
699 1139 752 1169 ac
789 1117 1113 1185 proditionem
1160 1128 1319 1179 prope

45 1200 240 1249 libertas
270 1194 426 1244 amiffa
449 1192 530 1241 est.
562 1190 706 1240 Erant
733 1190 779 1236 in
809 1186 1034 1234 Romana
1069 1180 1317 1246 juventute

44 1265 377 1317 adolescentes
408 1262 590 1326 aliquot
621 1296 634 1317 ‚
682 1274 770 1305 nec
803 1256 835 1302 ii
880 1253 1011 1302 tenui
1041 1251 1153 1298 loco
1183 1249 1277 1296 orti
1305 1285 1321 1307 ‚

44 1351 249 1401 quorum
279 1335 327 1379 in
360 1347 512 1397 regno
543 1326 693 1376 libido
714 1323 912 1372 solutior
943 1319 1096 1368 fuerat
1115 1355 1128 1375 ,
1161 1333 1322 1381 aequa-

39 1403 116 1452 »les
153 1398 426 1464 sodalesque
478 1394 849 1445 adolescentium
896 1386 1272 1453 Tarquiniorum
1307 1420 1322 1444 ,

44 1468 211 1520 assueti
239 1484 376 1516 more
415 1465 550 1530 regio
586 1465 769 1513 vivere.
812 1457 933 1506 Eam
960 1470 1064 1505 tum
1085 1491 1100 1514 ‚
1130 1466 1320 1517 aequato

31 1536 148 1605 *jure
169 1538 385 1586 omnium
409 1571 423 1593 ‚
461 1532 701 1581 licentiam
719 1539 984 1594 quaerentes
1004 1561 1018 1583 ‚
1050 1522 1322 1570 libertatem

45 1606 252 1656 aliorum
283 1605 332 1652 in
377 1601 506 1650 suam
545 1596 733 1649 vertiffe
785 1594 1063 1643 servitutem
1105 1590 1227 1639 inter
1274 1586 1322 1638 se

48 1672 487 1738 conquerebantur.
531 1672 691 1734 Regem
735 1664 954 1714 hominem
997 1657 1078 1725 effe
1110 1697 1127 1718 ‚
1171 1676 1201 1705 a
1233 1675 1321 1723 qno

50 1743 251 1807 impetres
270 1778 286 1799 ‚
315 1741 391 1787 ubi
407 1737 529 1804 jus,
559 1737 635 1783 ubi
671 1731 839 1799 injuria
877 1747 993 1795 opus
1024 1728 1089 1791 fit
1120 1746 1133 1775 .·
1174 1725 1205 1774 6
1241 1723 1324 1789 ff

47 1811 202 1877 gratiae
229 1809 404 1864 locum,
436 1802 515 1867 effe
545 1803 754 1866 beneficio
770 1819 791 1859 ,·
823 1799 867 1847 6³
903 1794 1070 1859 irasci,
1104 1795 1148 1843 ἐξ*
1178 1790 1324 1860 ignofl

51 1895 141 1924 cere
171 1871 295 1941 poſje
331 1894 345 1923 :
393 1875 507 1920 inter
529 1872 722 1918 amicum
751 1882 885 1932 atque
913 1866 1145 1912 inimicum
1171 1859 1322 1924 discri-

11 1972 15 1973 ⁷
54 1962 151 1993 men
171 1940 304 2004 noſje.
336 1943 507 2006 Leges,
533 1956 614 1986 rem
632 1935 814 2000 findam
832 1972 849 1992 ,
879 1930 1200 1981 inexorabilem
1213 1927 1325 1992 effe,

47 2009 336 2075 salubriorem
355 2008 656 2070 melioremque
676 2004 804 2068 inopi
824 2002 956 2065 qua'm
971 2000 1147 2065 potenti
1166 2016 1176 2041 τ
1206 1996 1331 2044 nihil

56 2078 309 2137 laxamenti
333 2094 411 2124 nec
433 2076 574 2124 verziae
592 2073 743 2120 habere
762 2109 779 2129 ‚
796 2070 843 2133 fi
865 2070 1040 2116 modum
1059 2063 1286 2128 excefferis
1302 2082 1325 2123 ;

19 2200 21 2202 ,
48 2145 297 2212 periculum
333 2141 413 2209 effe
434 2181 450 2202 ‚
485 2144 532 2190 in
557 2155 622 2190 tot
651 2139 862 2190 humanis
885 2135 1127 2191 erroribus,
1159 2148 1190 2195 7
1219 2129 1326 2196 styla}

54 2269 129 2309 bus
146 2282 231 2321 quae
241 2267 357 2308 alicui
375 2267 626 2319 splendorem
644 2291 656 2311 ‚
722 2275 804 2303 tate
832 2258 1077 2300 Collatinum
1097 2256 1326 2297 Lucretius⁹

58 2329 386 2371 existimationem
404 2358 414 2376 ,
429 2328 660 2368 veneratio·
786 2323 810 2363 6
825 2320 913 2375 Effe
929 2320 1063 2376 gratiae
1083 2320 1207 2358 locum
1223 2350 1233 2368 ‚
1255 2316 1327 2370 effe,

57 2405 148 2432 nem
185 2390 401 2430 conciliant
430 2403 442 2436 ;
475 2402 657 2445 genere,
724 2384 911 2439 beneficio
939 2384 954 2435 ]
994 2381 1148 2435 Regem
1200 2377 1326 2434 grati&

17 2492 19 2495 ,
57 2453 178 2494 rebus
210 2451 325 2506 gestis
342 2479 353 2498 ‚
376 2451 467 2491 auis
494 2450 660 2490 honori·
722 2447 826 2487 ssefti
853 2459 897 2485 ac
925 2443 1100 2490 moveri,
1126 2438 1329 2483 beneficio

59 2515 132 2555 bus
151 2545 162 2564 ‚
189 2524 333 2558 aetate,
365 2512 513 2551 virtute
533 2540 544 2557 ‚
580 2512 662 2552 &c.
726 2507 930 2548 conciliari
957 2504 1081 2559 poffe.

19 2575 204 2629 2331taque
236 2575 393 2614 honore
431 2573 662 2613 Lucretium
787 2583 811 2620 7
839 2568 935 2607 30Ζᾶ
964 2561 1190 2606 innocentie
1219 2560 1329 2599 241222.

22 2680 24 2684 ,
62 2634 290 2682 Collatinus
307 2634 486 2679 anteibat
509 2649 521 2685 3
542 2634 666 2693 digni·
728 2631 797 2686 re]
820 2630 950 2672 Solius
967 2623 1208 2670 innocentiae
1228 2635 1335 2680 praee·
