1653 3078
367 106 1021 168 PRAEFATIO.
1182 109 1313 189 nm

48 188 299 250 deflenda,
324 193 446 239 circa
465 193 625 239 divina
657 189 919 255 superstitio
943 189 995 237 &
1027 190 1277 240 credulitas
1299 193 1318 241 ?

49 258 179 323 Quae
200 259 413 325 cognitio
436 260 618 306 tantiam
637 256 765 315 abest
787 272 837 304 ut
853 272 977 304 verae
999 257 1218 321 religioni
1246 257 1321 307 of-

49 324 209 385 ficiat,
244 341 294 373 ut
328 326 496 374 contra
537 326 629 374 hoc
668 341 863 390 quoque
907 325 1105 371 nomine
1147 327 1320 389 gratias

46 391 164 441 Deo
193 394 489 442 immortales
527 393 576 441 &
614 393 827 450 habere,
865 390 917 439 &
951 406 1094 456 agere
1133 391 1320 439 debea-

47 476 184 518 mus,
210 460 346 526 quod
378 478 467 509 nos
503 462 746 509 veteribus
780 459 870 506 illis
908 475 1065 524 neque
1101 458 1321 522 pruden-

47 529 194 576 tiores
221 544 377 593 neque
403 526 746 594 ingeniofiores
766 564 780 587 ‚
811 544 834 573 a
856 540 953 572 tam
985 525 1161 589 supinis
1195 542 1322 574 tam-

44 610 139 659 que
167 596 432 644 exitialibus
460 596 697 644 erroribus
717 631 731 654 ,
751 610 836 659 per
856 593 1070 641 divinam
1094 590 1323 660 Evange-

45 661 93 710 lii
128 661 287 711 lucem
319 663 607 712 liberaverit.
654 660 769 710 Non
802 661 1038 709 continuo
1075 662 1213 726 igitur
1236 698 1251 721 ‚
1285 659 1333 710 fi‘

48 727 211 779 Livius
239 731 526 795 perabsurda
545 729 765 796 prodigia
780 730 1027 777 memoriae
1042 728 1290 776 mandavit
1305 765 1322 789 ‚

45 796 97 845 id
130 799 173 845 ei
197 798 245 845 in
270 799 470 846 crimine
499 797 783 863 ponendum
805 833 820 855 ‚
850 812 928 853 aut
952 812 1067 844 nota
1094 794 1323 861 supersti-

46 865 193 913 tionis
214 863 507 932 injungenda
528 863 625 914 est:
649 881 701 912 ac
732 863 937 929 proinde
965 863 1081 911 nihil
1110 861 1206 925 jam
1233 863 1324 912 ob-

48 929 136 980 stat
167 934 422 997 quominus
455 950 565 982 eum
595 931 797 980 multum
825 947 1039 980 amemus
1069 930 1130 979 de
1162 929 1239 980 sua
1272 932 1323 981 in

47 1015 136 1048 eos
170 1016 292 1064 quos
331 999 457 1049 solos
489 1000 652 1049 colere
693 998 923 1047 didicerat
962 999 1080 1047 deos
1124 1000 1322 1062 pietate.

48 1065 263 1115 Multum
296 1083 415 1134 ergo
453 1067 513 1116 ab
546 1084 607 1116 eo
648 1066 867 1114 absumus
903 1103 918 1124 ‚
966 1080 1018 1116 ut
1070 1064 1322 1132 Gregorio

49 1133 270 1200 Magno,
299 1137 418 1184 acris
461 1136 674 1202 ingenii,
704 1133 755 1182 &
792 1133 965 1182 eruditi
1003 1135 1051 1181 in
1096 1133 1322 1200 Religio-

45 1218 165 1250 nem
198 1199 517 1251 Christianam
549 1201 688 1251 studii
723 1200 976 1267 pontifici,
1015 1217 1110 1250 tam
1151 1202 1324 1250 laevarn
1355 1222 1358 1224 ’

47 1266 181 1317 fuisse
214 1283 431 1319 mentem
463 1284 685 1335 putemus
705 1307 720 1329 ‚
753 1284 804 1317 ut
833 1307 847 1329 ‚
894 1269 1024 1335 quod
1063 1269 1234 1335 legitur
1272 1271 1323 1320 in

47 1336 287 1385 Antonini
308 1336 505 1386 Summa
526 1374 540 1397 ‚
573 1337 638 1386 ob
669 1337 798 1385 illam
831 1337 1160 1403 prodIgiorum
1189 1353 1326 1385 com·

48 1405 457 1454 memorationem
503 1403 710 1453 infensus
757 1403 898 1453 Livio
936 1441 952 1465 ‚
995 1403 1325 1471 quoscumque

49 1470 255 1521 nancisci
282 1470 503 1538 potuiffet
537 1470 638 1535 ejus
678 1472 826 1521 libros
872 1472 969 1539 igni
1010 1471 1234 1521 traderet.
1267 1471 1326 1522 Id

50 1556 143 1588 nec
170 1539 288 1589 libet
321 1540 515 1589 credere
535 1577 550 1601 ,
572 1539 623 1590 &
642 1539 754 1588 licet
774 1577 789 1599 ‚
820 1539 898 1588 ubi
935 1541 1004 1588 rei
1034 1553 1129 1587 tam
1158 1539 1326 1587 absur-

51 1606 123 1655 dae
144 1620 278 1656 tanto
298 1605 534 1674 posterior
551 1619 687 1657 aetate
712 1606 840 1656 testis
862 1624 982 1656 unus
1001 1609 1130 1656 citari
1147 1606 1324 1673 potest.

118 1672 215 1723 Sed
246 1674 298 1724 &
333 1690 598 1724 ceterarum
633 1677 857 1725 virtutum
877 1712 893 1735 ‚
926 1673 1107 1738 justitiae
1127 1713 1141 1734 ‚
1181 1673 1324 1724 absti-
1374 1682 1511 1725 Livius

53 1744 228 1801 nentiae
248 1779 263 1805 ‚
295 1743 533 1792 comitatis
552 1779 567 1804 ‚
605 1741 969 1803 munificentiae,
1001 1741 1292 1792 castimoniae
1308 1783 1324 1805 ,
1342 1746 1529 1786 virtutum

55 1811 234 1858 amoris
269 1812 317 1858 in
349 1811 583 1876 patriam,
614 1808 796 1859 summa
830 1812 1008 1877 ubique
1052 1811 1180 1876 apud
1214 1807 1510 1861 eum⁰m1²1⁸¹³⁷⁷²

54 1876 212 1926 elucet
243 1878 529 1937 admiratio,
558 1895 664 1944 quae
687 1880 736 1927 in
770 1895 932 1927 earum
967 1879 1326 1929 aemulationem
1343 1882 1466 1922 praeco
1497 1867 1537 1908 δ’

55 1943 208 2008 ipsum
245 1962 438 2012 quoque
459 1944 689 1995 le6iorem
717 1948 856 2011 rapit.
883 1944 936 1994 In
967 1963 1016 1994 re
1048 1946 1329 1997 manifestis·
1344 1930 1542 1973 ''mm''

56 2010 172 2063 fima
202 2029 301 2061 non
331 2030 494 2078 operae
524 2011 590 2062 est
617 2013 791 2062 diutius
826 2016 1089 2063 immorari.
1124 2014 1222 2064 Sed
1256 2031 1332 2065 ta-

57 2095 171 2129 men
199 2081 304 2146 quis
330 2098 429 2130 non
453 2080 623 2130 ardore
652 2081 865 2146 quodam
905 2084 1108 2131 caritatis
1148 2084 1194 2131 in
1236 2102 1332 2150 pa-

50 2147 197 2213 triam
222 2146 443 2197 succendi
473 2147 520 2198 se
551 2147 718 2199 sentiat
749 2148 766 2196 ?
793 2147 890 2198 sive
924 2148 1094 2217 audit(
1116 2149 1188 2198 IX
1206 2169 1281 2212 ,4.
1304 2150 1331 2219 )

57 2209 318 2263 Lentulum
361 2215 579 2266 consules
612 2216 673 2264 ad
720 2214 959 2265 Caudium
1002 2217 1276 2268 hortantem
1311 2258 1330 2281 ‚

59 2296 114 2329 ut
144 2299 453 2333 communem
474 2283 673 2333 salutem
702 2302 801 2333 non
824 2300 983 2334 morte
1007 2288 1221 2347 tanturn,
1246 2286 1330 2336 sed

60 2346 114 2414 δι
144 2349 406 2415 ignominia
444 2350 524 2400 sua
560 2352 686 2400 bene
725 2366 936 2418 emptam
975 2367 1144 2418 putent
1178 2371 1193 2414 3
1230 2354 1327 2404 five

58 2415 184 2465 hanc
201 2415 223 2484 (
239 2416 430 2477 XXVI,
446 2417 559 2484 36,)
578 2419 711 2469 velut
732 2436 791 2468 ex
814 2420 1011 2470 oraculo
1034 2419 1215 2469 missam
1238 2440 1329 2471 vo-

61 2497 171 2531 cem
202 2488 419 2551 excipit:
452 2485 720 2554 Respublica
766 2489 1005 2536 incolumis
1042 2488 1086 2537 ἃ
1115 2491 1329 2555 privatas

64 2569 130 2598 tes
142 2549 661 2621 fhcilefhlvaspraestat.
685 2555 882 2603 Publica
894 2558 1121 2621 prodendo
1146 2571 1226 2603 tua
1248 2575 1326 2604 ne-

61 2619 299 2686 quicquam
323 2619 488 2687 serves.
520 2621 688 2691 Quem
719 2640 820 2675 non
860 2623 921 2674 ad
959 2624 1331 2690 temperantiam
