1653 3078
516 115 562 171 L
603 130 625 170 1
669 127 705 168 B
749 127 785 167 E
827 128 868 168 R
963 113 1003 168 I.
1306 116 1375 186 ‘13

105 192 236 260 apu‘d
268 192 316 244 se
350 192 540 243 educari
570 210 585 253 ;
616 210 727 242 nam
753 191 805 240 ὃς
830 189 1074 255 expositos
1105 186 1222 252 jussu
1253 191 1377 256 regis

109 260 313 310 infantes
337 262 511 311 sciebat
534 299 552 320 ,
583 262 634 310 &
659 276 849 325 tempus
877 275 976 323 quo
997 255 1096 321 ipse
1116 273 1199 304 eos
1230 256 1381 304 sustu-

31 348 41 358 *
106 327 252 389 Esset,
282 329 343 377 ad
377 329 579 394 idipsum
622 342 903 393 congruere.
936 324 1034 372 Sed
1069 340 1170 370 rem
1205 325 1379 371 imma-

103 411 260 443 turam
283 434 297 456 ‚
337 396 420 444 nisi
457 412 534 444 aut
561 412 647 462 per
681 393 1016 450 occasionem,
1053 402 1133 436 aut
1172 406 1257 454 per
1291 407 1378 438 ne-

104 462 367 513 cessitatem
390 464 561 529 aperiri
596 464 815 511 noluerat
838 479 851 518 ;
874 456 1122 508 neceffitas
1141 459 1271 521 prior
1290 474 1382 505 ve·

103 532 213 588 nit3
251 532 314 578 ita
353 546 487 580 metu
523 530 769 589 subactus,
809 526 1025 575 Romulo
1064 542 1167 572 rem
1207 527 1379 588 aperit.

103 596 248 645 Forte
277 599 329 646 &
359 599 634 658 Numitori,
659 613 807 663 quum
841 598 887 642 in
923 593 1134 642 custodia
1168 589 1382 639 Remum

104 663 302 714 haberet
338 703 352 726 ,
410 665 706 731 audissetque
750 665 970 730 geminos
1024 659 1117 709 effe
1162 658 1329 707 fratres
1364 696 1381 719 ‚

106 730 137 780 8
172 735 502 798 comparando
555 735 607 782 &
648 747 841 780 aetatem
875 745 1044 779 eorum
1074 765 1090 788 ‚
1129 727 1185 776 &
1230 726 1382 791 ipsam

106 801 302 847 minime
338 801 556 850 servilem
597 799 853 856 indolem,
899 799 1125 862 tetigerat
1165 795 1380 843 animum

104 870 341 915 memoria
393 886 626 934 nepotum
661 884 672 913 ε
720 865 1097 930 sciscitandoque
1133 876 1164 925 9
1198 860 1380 910 eodem

105 938 360 998 pervenit,
394 952 445 984 ut
477 936 603 983 haud
628 935 798 999 procul
830 931 976 992 esset,
1013 933 1126 997 quin
1163 927 1376 977 Remum

79 1002 400 1068 agnosceret.
442 1002 514 1051 Ita
551 1019 570 1050 1
607 1001 815 1066 undique
854 1002 953 1066 regi
988 998 1126 1046 dolus
1154 996 1374 1046 nectitur(
1452 1007 1572 1048 Amu-

102 1066 339 1118 Romulus
378 1088 476 1118 non
500 1089 606 1131 cum
639 1069 788 1135 globo
817 1067 1047 1132 juvenum
1083 1064 1213 1132 (nec
1240 1067 1369 1114 enim
1390 1070 1482 1111 lium
1502 1070 1569 1108 ob-

103 1152 204 1184 erat
239 1138 299 1185 ad
337 1140 437 1187 vim
478 1152 691 1204 apertam
735 1134 857 1200 par)
893 1134 975 1183 sed
1015 1135 1115 1183 aliis
1157 1135 1251 1181 alio
1289 1135 1367 1181 iti-
1386 1142 1587 1178 truncant,

102 1220 217 1253 nere
237 1203 363 1268 juffis
397 1222 530 1254 certo
555 1221 774 1269 tempore
798 1205 858 1251 ad
887 1204 1069 1269 regiam
1091 1205 1258 1250 venire
1281 1220 1372 1266 pa-
1391 1196 1426 1235 ὅ·
1445 1193 1584 1233 Num·

99 1269 334 1332 storibus,
369 1273 429 1320 ad
460 1290 624 1339 regem
666 1275 898 1337 impetum
932 1271 1093 1318 ἱερὴ-3
1121 1270 1174 1318 &
1205 1287 1232 1316 a
1273 1270 1369 1318 do—
1390 1269 1510 1326 ’ΨΜ
1525 1267 1582 1291 re-

101 1356 185 1387 mo
233 1340 497 1389 Numitoris
537 1342 627 1388 alia
661 1339 936 1404 comparata
978 1354 1123 1385 manu
1175 1321 1565 1400 adjuvatstnuunt.

99 1405 282 1455 Remus
312 1425 326 1466 3
354 1410 417 1456 ira
449 1425 614 1475 regem
647 1410 953 1455 obtruncant.

168 1472 259 1522 VI.
289 1474 516 1524 Numitor
545 1480 665 1523 inter
691 1477 899 1541 primum
926 1473 1184 1521 tumultum
1215 1470 1374 1522 hostes

98 1540 311 1591 invafiss'e
337 1543 502 1592 urbem
530 1560 670 1608 atque
695 1544 890 1591 adortos
909 1544 1091 1607 regiam
1123 1539 1339 1588 diditans
1358 1576 1376 1601 ,

99 1626 244 1674 quum
274 1611 453 1676 pubem
487 1611 724 1659 Albanam
755 1613 804 1657 in
839 1627 998 1658 arcem
1043 1608 1260 1673 praesidio
1292 1627 1375 1657 ar·

98 1676 280 1743 misque
302 1679 613 1728 obtinendam
644 1676 882 1727 avocasset
906 1696 920 1735 3
955 1676 1268 1743 posteaquam
1296 1676 1376 1740 ju-

99 1760 251 1792 venes
275 1749 546 1812 perpetrata
566 1748 696 1795 caede
723 1763 920 1813 pergere
939 1746 997 1793 ad
1019 1744 1067 1794 se
1086 1746 1375 1811 gratulantes

96 1811 250 1870 vidit,
282 1816 529 1880 extemplo
557 1815 799 1863 advocato
841 1814 1049 1862 concilio
1073 1851 1090 1874 ‚
1116 1812 1292 1861 scelera
1323 1815 1374 1862 in

68 1876 143 1926 ·se
173 1876 324 1928 fratris
345 1918 359 1941 ,
401 1884 637 1948 originem
680 1899 914 1946 nepotum
947 1919 963 1942 ‚
1006 1895 1055 1928 ut
1096 1882 1246 1947 geniti
1271 1918 1287 1939 ‚
1322 1894 1375 1929 ut

98 1946 322 2008 educati,
363 1965 415 1996 ut
451 1952 633 2016 cogniti
681 1949 863 2009 essent,
909 1948 1093 1997 caedem
1140 1948 1373 2013 deinceps

95 2016 287 2077 tyranni
308 2052 323 2074 ,
353 2014 494 2081 seque
523 2015 625 2080 ejus
647 2018 888 2066 auciorem
910 2016 1133 2064 ostendit.
1157 2015 1372 2065 Juvenes

93 2097 181 2146 per
203 2083 410 2131 mediam
433 2087 721 2133 concionem
745 2088 935 2151 agmine
959 2086 1160 2149 ingressi
1183 2122 1199 2142 ,
1222 2100 1373 2148 quum

94 2165 238 2196 avum
266 2166 431 2217 regem
459 2152 755 2211 salutassent,
781 2153 977 2217 sequuta
997 2169 1055 2199 ex
1077 2152 1211 2199 omni
1246 2152 1374 2200 mul-

95 2216 295 2272 titudine
332 2218 633 2269 consentiens
664 2239 763 2268 vox
801 2234 954 2267 ratum
987 2236 1171 2267 nomen
1205 2221 1372 2285 impe·-

93 2283 314 2349 riumque
346 2288 448 2354 regi
483 2286 656 2337 effecit.
679 2287 751 2336 Ita
776 2287 1020 2336 Numitori
1048 2286 1238 2338 Albana
1261 2304 1373 2353 per·

154 2393 177 2434 S
200 2396 498 2451 Compar-ando]
521 2399 692 2449 Compa-
750 2398 965 2439 viverent.

87 2455 213 2494 tando
245 2466 403 2497 aetatem
441 2459 483 2499 δε
514 2460 693 2500 indolem
821 2458 1019 2512 9-Eo‘dem]
1035 2456 1131 2509 Quo
1145 2456 1368 2497 Faustulus.

88 2516 231 2556 horum
251 2516 564 2570 juvenum,cum
585 2535 630 2561 ea
649 2520 691 2561 &
756 2520 837 2561 Nisa
863 2519 972 2561 forte
990 2522 1098 2559 malis
1133 2518 1177 2557 εὸ
1203 2520 1365 2559 demum.

86 2588 205 2617 aetate
240 2579 281 2619 &
309 2580 446 2620 indole
467 2612 478 2632 ,
499 2581 576 2635 quei
615 2581 690 2622 effe
823 2594 840 2623 1
867 2582 1066 2635 Undique]
1085 2579 1134 2618 Et
1151 2580 1198 2616 ab
1217 2579 1368 2620 Romu·
1428 2573 1432 2576 ¹

87 2637 288 2682 debebant
301 2652 473 2696 nepotes
488 2675 500 2696 ‚
517 2643 544 2684 fi
561 2644 690 2685 adhuc
753 2644 796 2685 10
815 2670 828 2692 ‚
848 2643 890 2686 δι
911 2645 961 2683 ab
981 2642 1211 2681 Numitore.

962 2697 1009 2749 c
1046 2697 1095 2763 iij
