1704 3073
305 138 415 200 180
579 133 850 208 T1;·rr
934 129 1266 187 Livii

97 235 270 289 U.c.263
300 219 529 271 tumeliam
572 235 657 284 quo
706 216 883 263 tandem
930 210 1081 259 animo
1109 206 1280 274 finis,
1321 217 1352 270 9
1388 203 1467 270 qui
1487 210 1572 270 pe?

99 291 490 357 a.C.439.n0stram
530 285 824 353 ignominiam
860 281 993 327 ludos
1027 273 1268 339 commisere
1291 275 1317 322 ?
1359 273 1442 320 An
1475 288 1568 319 non

291 357 488 423 sensistis
523 353 841 417 triumphatum
879 347 1009 394 hodie
1042 347 1093 391 de
1126 344 1256 393 vobis
1302 337 1382 403 effe
1415 341 1441 388 ,Ρ
1483 355 1571 387 vos

299 425 506 474 omnibus
523 421 729 476 civibus,
746 415 989 483 peregrinis
1005 450 1023 471 ,
1041 425 1106 459 tot
1118 411 1335 474 finitimis
1348 405 1568 474 populi-5,

287 491 545 561 speblaculo
591 488 800 534 abeuntes
835 478 973 548 fuzſj'e
1006 482 1033 528 ?
1099 480 1262 544 vestras
1305 473 1515 541 conjuges
1553 507 1574 530 ,

299 562 462 628 ‘vestros
515 557 673 604 liberos
719 569 739 601 1
783 550 1006 599 traduffos
1049 564 1132 613 per
1176 563 1253 592 ora
1290 545 1517 591 hominum
1542 541 1569 588 ?

307 629 441 693 Quid
464 643 536 673 eos
554 661 570 682 ‚
603 623 681 687 qui
714 621 923 667 audivere
944 632 1094 664 vocem
1121 613 1340 679 praeconis
1363 613 1390 659 Ρ
1427 609 1571 674 quid,

304 699 385 764 qui
403 712 485 743 vos
510 692 655 741 videre
674 689 884 735 abeuntes
902 687 928 734 Ρ
951 683 1063 748 quid
1082 699 1155 728 eos
1174 719 1191 739 ‚
1225 681 1302 745 qui
1321 679 1428 726 lzuic
1449 679 1575 742 igno-

308 759 498 824 miniofi)
525 758 696 825 agmini
713 753 839 820 fuere
867 752 989 801 obvii
1017 789 1034 809 ‚
1071 744 1335 816 existimaſje
1352 745 1580 811 putatis?

310 831 400 895 nisi
419 828 610 893 aliquod
619 821 814 891 profeffb
837 818 968 886 nefizs
987 815 1064 881 effe
1083 855 1098 875 ,
1123 835 1208 882 quo
1228 853 1244 874 ,
1267 816 1315 878 fi
1334 810 1582 876 interfimus

299 895 591 966 speaeflacuIO,
631 891 849 941 violaturi
870 889 1013 953 fimus
1054 885 1222 942 ludos,
1259 885 1290 929 2'
1319 879 1581 948 piaculum-

312 985 396 1033 que
425 964 616 1012 merituri
653 979 664 1008 .·
711 960 809 1007 ideo
842 975 925 1004 nos
961 955 1016 1001 ab
1044 950 1147 1016 sede
1172 954 1386 1017 piorum,
1422 961 1532 994 coetu
1562 983 1582 1004 ,
1656 980 1658 983 ψ

310 1033 593 1095 concilioque
617 1029 754 1094 abigi.
778 1026 910 1089 Quid
927 1023 1083 1070 deinde
1100 1058 1118 1079 ,
1151 1019 1272 1067 illud
1291 1035 1381 1065 non
1392 1012 1578 1078 succur-

312 1104 408 1160 rit,
450 1101 597 1148 vivere
628 1114 748 1152 nos,
797 1092 920 1158 qubd
954 1089 1267 1138 maturarimus
1299 1080 1525 1150 proficisci
1554 1083 1583 1130 ἱ)

305 1171 355 1236 fi
372 1171 463 1218 lzaec
482 1163 698 1234 profeffio
721 1200 738 1220 ‚
769 1162 813 1209 δ’
845 1177 935 1208 non
956 1155 1076 1224 suga
1103 1157 1172 1222 est.
1203 1156 1269 1202 Et
1296 1154 1413 1200 lianc
1440 1150 1584 1198 urbem
1614 1162 1622 1175 “

313 1256 400 1289 vos
418 1254 507 1284 non
527 1234 712 1300 hostium
730 1229 897 1278 ducitis
916 1264 933 1284 ,
963 1224 1099 1288 ubist
1115 1241 1252 1271 unum
1280 1222 1395 1268 diem
1423 1217 1586 1267 morati

316 1302 494 1368 effetis,
537 1300 806 1350 moriendum
840 1294 1043 1353 omnibus
1063 1289 1162 1357 ficit
1185 1292 1211 1338 ,Ρ
1248 1287 1430 1338 Bellum
1455 1285 1587 1334 vobis

319 1373 534 1436 indiHum
562 1369 648 1435 est:
681 1382 840 1433 magno
873 1379 1017 1410 eorum
1039 1359 1158 1407 malo
1187 1358 1266 1422 qui
1293 1356 1493 1404 indixere
1510 1389 1528 1411 ,
1543 1352 1592 1415 si

318 1442 409 1492 viri
439 1440 551 1506 estis.
595 1435 666 1484 Ita
701 1436 753 1482 ὃ(
793 1431 871 1480 (αεὶ
912 1429 1082 1494 sponte
1115 1428 1289 1473 irarum
1323 1422 1495 1488 pleni,
1539 1420 1592 1468 &

318 1508 541 1565 incitati,
577 1504 750 1552 domos
777 1499 888 1549 inde
923 1493 1108 1563 digreffi
1141 1493 1270 1551 sunt,
1301 1486 1596 1556 instigando·
1669 1487 1673 1491 ’

319 1592 413 1642 que
446 1575 552 1623 suos
585 1570 778 1638 quisque
817 1566 1028 1633 populos-
1059 1601 1073 1624 ,
1110 1559 1317 1611 effecere
1355 1572 1406 1606 ut
1445 1571 1594 1606 omne

174 1724 316 1782 Volsci

184 1791 277 1848 defi·
328 1782 460 1830 nium
492 1775 786 1842 populorum
810 1769 1040 1820 sententia
1066 1764 1170 1815 leffi

122 1854 230 1895 cium
248 1880 259 1899 ‚

123 1914 282 1956 ducibus

123 1979 242 2019 Attio

128 2037 249 2079 Tullo
281 2034 318 2074 6·

128 2102 176 2140 C.
208 2097 319 2137 Mar-

127 2161 205 2202 cio.

320 1642 555 1694 Volscum
587 1653 770 1688 nomen
808 1632 1051 1683 deficeret.
1099 1674 1103 1675 ⁷

394 1707 631 1760 XXXIX.
660 1704 984 1770 Imperatores
1015 1699 1075 1747 ad
1100 1697 1147 1746 id
1181 1694 1362 1745 bellurn
1394 1691 1454 1741 de
1488 1707 1599 1740 om-

1203 1762 1363 1813 Attius
1391 1759 1561 1808 Tullus
1582 1796 1598 1819 ,

332 1850 385 1898 &
408 1845 468 1896 C.
491 1845 699 1893 Marcius
717 1839 845 1889 exsul
861 1838 1108 1887 Romanus
1129 1871 1141 1894 ‚
1171 1833 1219 1880 in
1241 1848 1338 1897 quo
1355 1829 1598 1894 aliquanto

331 1917 437 1983 plus
471 1912 572 1980 spei
609 1908 890 1975 repositum.
932 1903 1103 1969 Quam
1129 1901 1258 1966 spem
1294 1912 1601 1963 nequaquam

332 1982 532 2032 fefessit:
564 1993 615 2028 ut
645 1977 780 2027 facile
808 1986 1058 2041 appareret
1084 1969 1281 2018 ducibus
1311 1965 1602 2015 validiorem

334 2051 476 2119 quam
514 2047 724 2099 exercitu
773 2060 874 2092 rem
911 2040 1183 2088 Romanam
1217 2032 1325 2084 esse.
1382 2030 1603 2081 Circeios

335 2117 576 2188 profeRus
600 2153 614 2174 .,
644 2113 851 2180 primum
871 2109 1074 2157 colonos
1093 2104 1205 2152 inde
1234 2102 1486 2150 Romanos
1514 2115 1605 2147 ex·

333 2188 490 2257 pulit3
523 2184 820 2246 liberamque
853 2194 960 2228 eam
991 2174 1159 2223 urbem
1185 2169 1371 2219 Volscis
1391 2165 1602 2215 tradidit.

394 2323 421 2364 9
445 2307 527 2367 Qui
541 2308 554 2360 ]
568 2307 772 2347 Romanos
789 2301 938 2343 intelli--

335 2387 386 2430 ge
405 2399 418 2422 ,
453 2370 518 2424 qui
549 2367 617 2408 etsi
645 2381 725 2406 non
746 2362 938 2405 nominati

337 2437 503 2477 fuerunt
537 2458 549 2477 ,
585 2429 676 2468 satis
714 2439 848 2468 tamen
889 2438 939 2463 ex

336 2495 423 2550 ipso
486 2489 679 2533 orationis
743 2497 938 2527 contextu

338 2554 620 2598 monstrantur.

408 2629 422 2656 ι
450 2613 659 2656 Τιάάιιᾶος
681 2625 754 2666 per
781 2623 850 2648 ora
873 2608 936 2646 ho·

275 2722 277 2726 ,
338 2676 509 2727 minum]
543 2673 700 2717 Alludit·
726 2671 776 2713 ad
796 2670 937 2711 trium·

985 2298 1119 2352 „phum
1136 2325 1146 2342 ‚
1169 2296 1208 2335 in
1236 2307 1314 2348 quo
1349 2290 1498 2345 captivi
1519 2300 1604 2330 tra·

1002 2360 1247 2400 ducebantur
1268 2357 1305 2395 in
1320 2353 1446 2394 oculis
1465 2350 1605 2405 populi

1001 2420 1160 2460 νὶἑὶοῑίς
1179 2448 1190 2464 ,
1227 2417 1343 2471 eique
1380 2413 1603 2469 speRaculo

1002 2493 1130 2523 erant.

1067 2557 1090 2582 2
1114 2539 1384 2581 Piaculum...
1400 2533 1602 2586 merituri]

1001 2605 1045 2645 Id
1083 2600 1315 2662 commissuri
1349 2625 1359 2645 ,
1402 2597 1511 2653 quod
1560 2594 1608 2636 fit

1001 2665 1159 2722 piaculo
1181 2663 1360 2718 dignum.
