1652 3083
274 73 394 148 446
559 71 827 130 T1·r1
928 73 1268 132 L1v11

74 165 371 221 U.e.352.720n
399 153 447 204 in
476 152 629 203 umbra
647 191 665 213 ‚
694 173 774 203 nec
801 155 850 204 in
878 157 1002 203 teblis
1026 151 1214 221 majores
1226 151 1339 218 filos
1368 149 1544 217 creaffi’.

74 222 265 276 a.C.400.
280 224 398 272 Haec
416 223 579 272 virtute
597 223 791 271 militum
817 224 1049 288 vestrorum
1066 260 1083 282 ,
1119 224 1209 270 haec
1228 225 1434 271 Romano
1459 240 1545 269 no-

277 290 397 339 mine
408 288 520 354 sient
535 291 674 357 digna
695 309 710 340 .·
740 310 830 339 non
858 293 994 340 Veios
1021 291 1197 338 tantiam
1213 327 1230 349 ‚
1260 307 1339 338 nec
1356 291 1437 338 hoc
1457 290 1555 336 hel-

276 358 372 406 lum
394 360 587 417 intueri,
621 361 743 424 quod
767 359 902 424 instat
917 375 939 416 ;
959 355 1043 420 sed
1066 356 1246 422 famam
1278 357 1323 407 δ’
1357 359 1422 405 ad
1444 357 1545 405 alia

273 425 395 474 bella
417 426 462 474 6³
490 428 556 474 ad
585 442 745 474 ceteros
774 425 976 491 populos
1009 426 1057 472 in
1087 427 1308 492 posterum
1345 443 1546 491 quarere.

271 494 359 552 An
396 496 609 543 mediocre
637 493 866 557 discrimen
895 494 1130 558 opinionis
1168 491 1458 558 sequuturum
1487 509 1545 540 ex

271 562 362 611 hac
389 580 431 611 re
453 563 634 628 putatis
652 598 668 619 ,
700 560 845 609 utrum
865 562 1044 609 tandem
1055 561 1251 625 finitimi
1271 561 1438 627 populi
1457 564 1552 609 Ro-

272 648 457 679 manum
472 648 567 677 eum
589 625 669 690 effe
688 642 882 694 putent,
920 626 1050 694 cujus
1061 629 1108 692 fi
1127 647 1216 693 qua
1235 629 1335 676 urbs
1352 629 1548 694 primum

272 698 407 746 illurn
453 696 684 759 breviſj'imi
733 698 942 762 temporis
983 696 1244 763 sustinuerit
1291 697 1499 762 impetum
1529 732 1548 754 ,

271 766 397 814 nihil
425 765 584 811 deinde
616 765 806 812 timeat:
837 783 897 812 an
919 764 991 811 liic
1009 765 1072 829 sit
1099 778 1231 811 terror
1245 765 1443 811 nominis
1466 780 1549 810 no·-

262 834 347 899 firi
363 868 380 890 ‚
418 846 466 879 ut
491 833 730 880 exercitum
760 835 1017 881 Romanum
1046 850 1136 880 non
1160 832 1338 878 taedium
1373 831 1550 897 longin-

274 916 372 965 quae
406 901 798 965 oppugnationis,
832 918 922 948 non
951 901 1025 947 vis
1057 900 1216 947 hiemis
1250 899 1306 946 ab
1337 900 1436 946 urbe
1467 900 1553 946 cir-

271 964 485 1030 cumseffa
508 966 648 1030 fimel
679 985 879 1017 amovere
914 966 1047 1032 poffit
1075 1004 1092 1025 ,
1127 984 1206 1014 nec
1231 967 1371 1031 finem
1409 966 1552 1012 ullum

271 1035 420 1083 alium
452 1035 559 1082 belli
589 1034 723 1100 quam
761 1036 992 1084 victoriam
1031 1035 1238 1092 noverit,
1275 1052 1353 1081 nec
1387 1035 1552 1099 impetu

266 1102 432 1169 potius
458 1102 577 1150 bella
617 1103 750 1168 qudm
781 1100 1110 1168 perseverantid
1141 1115 1265 1169 gerat
1287 1103 1313 1149 ,Ρ
1359 1103 1472 1164 Quae
1503 1101 1550 1149 in

273 1172 400 1218 omni
439 1172 614 1236 quidem
637 1188 787 1236 genere
825 1170 999 1217 militiae
1032 1207 1049 1228 ‚
1092 1169 1288 1217 maxime
1321 1184 1466 1217 tamen
1503 1169 1552 1215 in·

274 1238 531 1301 obsidendis
556 1238 736 1285 urbibus
769 1233 1008 1299 neceff'aria
1031 1238 1085 1302 esi
1114 1256 1128 1285 .·
1173 1254 1358 1301 quarum
1380 1233 1554 1301 pleras-

276 1324 362 1371 que
385 1305 714 1353 munitionibus
733 1323 787 1352 ac
806 1304 1008 1352 naturali
1017 1305 1111 1368 sttu
1136 1303 1511 1370 inexpugnabiles
1533 1341 1550 1361 ,

268 1370 400 1438 fame
409 1374 577 1438 sitique
596 1386 768 1438 tempus
787 1370 928 1438 ipsum
950 1374 1095 1421 vincit
1120 1385 1253 1435 atque
1284 1385 1515 1437 expugnat
1527 1389 1552 1430 ,⁸

271 1441 395 1506 ficut
431 1443 568 1489 Veios
590 1441 900 1506 expugnabit,
930 1440 1020 1503 nisi
1044 1439 1226 1486 auxilio
1257 1439 1451 1505 hostibus
1480 1440 1561 1486 tri«

279 1509 394 1557 buni
409 1506 748 1574 plebisfuerint
762 1546 780 1567 ,
813 1508 856 1556 ἃ
891 1511 1044 1556 Romae
1072 1508 1322 1555 invenerint
1343 1506 1555 1572 praesidia

284 1577 495 1627 Veientes
522 1614 540 1634 ,
584 1594 679 1641 quae
708 1577 1006 1641 nequicquam
1039 1578 1087 1623 in
1118 1576 1304 1623 Etruria
1340 1587 1554 1638 quaerunt.

282 1645 370 1694 An
403 1646 459 1710 est
496 1646 735 1708 quicquam
767 1646 888 1708 quod
916 1643 1176 1692 Veientibus
1212 1656 1414 1707 optatum
1435 1641 1560 1705 teque*
1623 1647 1626 1650 ’

281 1714 534 1778 contingere
563 1711 733 1777 poffit,
776 1711 909 1776 qua'm
955 1725 1004 1758 ut
1038 1708 1339 1773 seditionibus
1359 1709 1557 1774 primum

282 1779 388 1827 urbs
416 1783 628 1827 Romana
650 1816 667 1836 ,
703 1780 859 1826 deinde
893 1779 1017 1827 velut
1044 1796 1099 1825 ex
1123 1779 1386 1844 contagione
1415 1778 1558 1843 castra

283 1847 597 1911 impleantur?
620 1847 692 1894 At
711 1884 728 1904 ,
763 1846 933 1894 hercule
953 1883 971 1904 ,
999 1847 1126 1911 apud
1153 1846 1292 1910 hostes
1313 1858 1444 1891 tanta
1467 1861 1557 1891 mo·-

283 1916 426 1980 destia
445 1916 500 1980 est
519 1953 535 1972 ‚
569 1928 618 1961 ut
646 1928 666 1980 5
688 1931 778 1962 non
800 1914 1044 1977 obsidionis
1068 1914 1200 1960 taedio
1216 1950 1233 1971 ,
1256 1931 1346 1960 non
1367 1913 1558 1977 denique

285 1984 440 2048 regni,
479 1984 719 2046 quicquam
748 1983 876 2047 apud
892 2000 966 2029 eos
983 1995 1200 2030 novatum
1214 1981 1279 2044 fit
1294 1999 1314 2039 ;
1352 1997 1444 2028 non
1479 1998 1558 2026 ne-

283 2065 396 2116 gata
417 2050 603 2097 auxilia
626 2050 681 2096 ab
706 2047 910 2112 Etruscis
932 2050 1201 2098 irritaverint
1227 2050 1406 2095 animos
1418 2066 1438 2105 ;
1467 2065 1561 2094 mo-
1580 2062 1594 2065 “

288 2119 427 2166 rietur
444 2119 572 2166 -enim
602 2118 822 2184 extemplo
843 2154 860 2176 ,
900 2120 1164 2184 quicumque
1209 2118 1288 2164 erit
1317 2113 1562 2179 seditionis

289 2209 448 2240 monte.
959 2199 1038 2240 bris
1073 2200 1177 2239 illius
1197 2198 1371 2252 epistolae
1395 2197 1567 2238 Cicero·
1616 2210 1652 2250 Δ,ᾗ

356 2273 373 2310 5
397 2260 492 2300 Non
514 2260 723 2313 obsidionis
747 2260 861 2301 taedio
882 2292 893 2312 ,
959 2261 1019 2301 nis
1051 2261 1100 2301 ad
1134 2260 1188 2312 Q.
1222 2260 1382 2299 fratrem
1410 2272 1422 2298 :
1452 2259 1599 2300 multi*
1627 2259 1629 2262 ’

289 2336 368 2363 non
401 2321 562 2375 denique
589 2323 696 2378 regni
724 2322 739 2371 ]
768 2323 897 2363 Latini
959 2316 1117 2370 nuntii,
1146 2322 1257 2375 fizma
1289 2322 1475 2374 denique.
1493 2351 1502 2361 .
1522 2317 1566 2364 ,ζ
1612 2331 1621 2346 ⁶

288 2383 512 2435 scriptores
532 2383 649 2423 etiam
671 2385 711 2423 in
732 2398 776 2423 ea
798 2398 898 2424 enu·
959 2381 1044 2439 ipsa
1066 2397 1086 2422 -.·
1119 2383 1157 2422 id
1191 2381 1244 2422 est
1268 2409 1278 2428 ‚
1309 2383 1406 2421 fama
1445 2379 1566 2424 etium
1620 2383 1623 2392 '

293 2447 518 2485 meratione
541 2460 626 2499 quae
647 2446 725 2485 duo
748 2444 901 2485 tantslm
964 2445 1059 2499 ipsa.
1090 2443 1243 2484 Pariter
1275 2444 1314 2484 in
1350 2445 1426 2483 hoc
1466 2442 1570 2484 Livii
1612 2467 1619 2474 =

293 2505 442 2545 habeat
464 2509 637 2547 membra
659 2535 668 2552 ,
688 2505 902 2560 praefigunt
964 2508 1058 2547 loco
1072 2520 1149 2546 non
1168 2505 1327 2559 denique
1339 2505 1448 2560 regni
1465 2505 1565 2552 erit,

295 2567 530 2622 saepealteri
544 2569 772 2620 particulam
793 2568 902 2606 deni·
965 2581 1047 2610 non
1075 2566 1191 2623 ipfius
1216 2580 1377 2622 quoque
1399 2567 1530 2623 regni.

294 2643 384 2686 quc.
415 2630 480 2674 Sic
504 2630 622 2672 initio
649 2629 773 2672 statim
792 2630 903 2670 cele-
