1704 3073
87 1427 288 1484 fortitudo
301 1434 465 1483 habuit
507 1451 519 1481 2

305 148 416 206 134

291 362 431 414 ptum
457 351 653 413 privatis
684 365 693 394 :

571 129 625 189 T
666 150 694 190 1
736 149 777 191 T
820 150 846 190 1
892 164 903 168 -
942 131 988 189 L
1033 151 1059 189 1
1101 143 1146 188 v
1190 152 1215 190 1
1260 152 1288 189 1

91 216 486 278 U.e.246.quoque
514 213 761 262 vendendi
781 213 1026 261 arbitrium
1045 251 1059 273 ‚
1092 215 1200 278 quia
1222 209 1440 279 impenso
1458 219 1568 278 pre:

82 273 587 331 ¹·C·50⁶·tio'venibat
611 283 659 329 in
690 281 935 346 publicum
971 281 1105 329 omni
1131 280 1317 346 sumptu
1341 318 1355 340 ,
1393 280 1568 328 adem-

740 348 770 396 6
801 350 1026 413 porforiis
1064 365 1260 414 quoque
1299 350 1350 396 &
1385 349 1567 396 tributo

289 416 436 483 plebe
471 414 703 474 liberate,
739 429 788 462 ut
823 416 989 463 divites
1015 415 1288 481 conferrent,
1325 418 1403 481 qui
1443 420 1567 466 oneri

278 482 467 550 ferendo
502 480 633 546 effent
652 502 674 543 ;
706 501 927 549 pauperes
947 481 1068 546 satis
1096 485 1313 549 stipendii
1341 485 1563 548 pendere,

279 552 330 615 fi
348 553 507 599 liberos
539 553 787 598 educarent.
831 550 1000 616 Itaque
1026 552 1128 598 haec
1165 550 1462 617 induigentia
1486 548 1572 597 Pa-

287 634 417 682 trum
442 657 456 678 ‚
501 618 673 684 asperis
718 616 1026 684 postmodum
1060 620 1202 666 rebus
1238 621 1285 665 in
1320 617 1571 666 obsidione

289 705 347 736 ac
370 686 497 734 fame
523 723 535 744 ‚
569 686 692 734 adeo
721 686 1015 735 concordem
1043 688 1461 734 civitatem‘tenuit
1480 722 1494 742 ‚
1519 697 1573 732 ut

283 756 474 820 regium
498 771 681 803 nomen
714 770 814 801 non
852 754 1020 802 summi
1051 756 1203 820 magis
1241 753 1386 819 quum
1421 751 1573 802 infimi

291 822 549 871 horrerent
585 840 595 870 :

640 838 730 870 nec
764 822 1013 888 quisquam
1054 839 1173 870 unus
1212 821 1346 870 malis
1380 820 1573 868 ‘artibus

288 889 461 959 postea
492 906 588 938 tam
621 890 866 967 popularis
897 889 1011 938 esset
1046 928 1060 950 ‚

1118 888 1262 955 quum
1302 904 1406 949 rum
1445 889 1574 938 bene

291 959 583 1024 imperando
615 957 854 1007 unlversus
880 956 1063 1006 senatus
1093 957 1199 1006 fuir.

363 1026 429 1075 X.
464 1026 634 1092 Quum
662 1025 820 1074 hostes
844 1025 1054 1075 adeffent
1074 1062 1088 1084 ‚
1123 1043 1213 1091 pro
1239 1025 1286 1073 se
1309 1023 1505 1091 quisque
1525 1025 1574 1073 in

291 1094 464 1143 urbem
484 1111 544 1144 ex
565 1096 689 1160 agris
707 1093 1004 1160 demigrant:
1024 1094 1192 1142 orbem
1215 1093 1363 1158 ipsam
1389 1093 1576 1158 sepiunt

294 1162 538 1228 praefidiis.
574 1163 686 1210 Aha
710 1163 854 1209 muris
881 1199 895 1222 ‚
928 1163 1015 1210 alia
1042 1160 1208 1210 Tiberi
1227 1159 1420 1225 objecio
1439 1160 1578 1210 vide-

295 1225 469 1279 baritur
502 1245 618 1279 tuta.
660 1229 788 1279 Pons
829 1229 1046 1278 sublicius
1078 1231 1169 1278 iter
1203 1230 1328 1295 pene
1367 1227 1578 1277 hostibus

157 1304 263 1346 Hor.
302 1299 437 1347 dedit
463 1337 477 1358 ‚
518 1300 566 1346 ni
602 1316 722 1345 unus
751 1299 821 1347 vir
853 1297 1005 1347 fuiffet
1038 1310 1055 1358 3
1095 1297 1325 1346 Horatius
1358 1295 1535 1344 Cocles
1560 1313 1575 1344 ε

95 1367 263 1407 'Coclitis
302 1366 351 1414 id
373 1366 725 1415 munimentum
745 1365 828 1413 illo
857 1366 934 1414 die
957 1364 1149 1414 fortuna
1180 1365 1308 1421 urbis
1339 1364 1576 1412 Romanae

572 1435 652 1499 qui
686 1430 862 1499 positus
897 1432 1023 1482 forte
1052 1435 1100 1481 in
1131 1431 1330 1481 statione
1377 1433 1539 1498 pontis
1559 1468 1575 1493 ‚

299 1519 449 1569 quum
488 1516 680 1566 captum
727 1503 984 1566 repentino
1032 1501 1217 1565 impetu
1258 1499 1526 1548 Ianiculum
1560 1534 1576 1559 ,

296 1584 444 1638 atque
481 1570 593 1618 inde
637 1571 808 1618 citatos
847 1569 1099 1618 decurrere
1137 1566 1297 1618 hostes
1343 1565 1531 1618 vidisset
1559 1602 1576 1628 ‚

297 1680 350 1722 lis
390 1694 536 1735 quoque
578 1680 769 1722 vendendi
805 1680 906 1721 arbi-

300 1741 418 1783 trium
437 1771 450 1787 ‚
485 1742 574 1796 quia
591 1740 760 1797 impenso
775 1742 905 1798 pretio

302 1803 463 1846 venibat
479 1831 491 1852 ,
522 1804 561 1844 in
578 1804 774 1859 publicum
798 1818 906 1845 omne

297 1862 520 1920 sumptum,
563 1868 780 1920 ademptum
819 1866 909 1921 pri-

303 1927 408 1967 vatis
427 1940 440 1966 :
461 1927 490 1968 i.
517 1941 556 1968 e.
600 1928 735 1981 Quum
769 1927 820 1966 sal
852 1927 908 1967 ni-

303 1988 388 2029 mio
416 1989 549 2041 pretio
582 1990 766 2037 veniret,
802 2003 909 2029 nern-

300 2063 358 2104 pe
400 2050 452 2089 ob
498 2051 730 2092 aviditatem
771 2064 910 2090 eorum

299 2110 446 2164 quibus
478 2111 605 2151 salinae
637 2113 742 2152 circa
764 2111 912 2152 Ostiam

305 2172 357 2212 ab
384 2172 501 2212 Anco
529 2187 624 2227 rege
645 2174 756 2215 fac'iae
780 2173 910 2225 [1.I,

303 2246 347 2273 c.
379 2234 467 2285 33]
512 2236 746 2275 locabantur
770 2263 781 2282 ,
824 2234 911 2289 ejus

304 2295 508 2335 vendendi
552 2296 726 2348 potestas
760 2297 799 2336 in
838 2310 913 2349 pu-

303 2355 455 2396 blicum
474 2356 655 2397 'transsata
679 2357 732 2396 est
747 2386 757 2404 ,
780 2358 911 2397 adem·

305 2427 377 2473 pta
397 2417 575 2471 privatiS.
599 2419 748 2458 Salinas
774 2420 911 2459 volue-

306 2490 403 2519 runt
439 2493 519 2519 non
560 2479 635 2532 jam
679 2480 861 2519 exerceri
895 2495 915 2520 a

307 2540 530 2594 publicanis
553 2572 564 2591 ‚
596 2541 735 2595 quibus
772 2542 914 2581 locatae

308 2602 501 2649 fuerant,
540 2602 606 2642 sed
644 2602 682 2642 in
713 2603 913 2656 publicum

309 2674 495 2720 receptas
525 2663 726 2709 affitibus
742 2664 916 2721 publicis

968 1679 1160 1722 mandari.
1193 1679 1318 1732 Quod
1339 1679 1496 1734 quidem
1521 1678 1575 1721 fic

971 1741 1131 1784 Gallice
1151 1743 1321 1782 reddere
1341 1741 1538 1794 possemus
1560 1753 1577 1783 t

969 1804 1046 1845 Les
1065 1802 1237 1859 gabelles
1255 1801 1391 1855 furem
1418 1801 1523 1844 6'te‘es
1550 1802 1578 1843 οὶ

972 1880 1068 1906 ceux
1086 1865 1109 1904 ἁ
1125 1864 1189 1917 qui
1210 1879 1258 1904 on
1280 1864 1335 1903 les
1355 1864 1464 1904 avoit
1484 1866 1581 1905 don·

972 1926 1061 1967 ne'es
1080 1925 1241 1979 ciferme
1258 1953 1269 1973 ,
1285 1940 1389 1980 pour
1412 1923 1490 1966 ἒτνε
1507 1927 1584 1966 do·

972 1988 1163 2029 re'navant
1197 1986 1373 2028 exerce'es
1403 2002 1482 2041 par
1514 1988 1579 2027 des

973 2049 1145 2091 commis.
1182 2048 1399 2088 Arbitrium
1443 2048 1581 2088 secre-

974 2112 1079 2152 tiore
1117 2110 1333 2165 fignificatu
1365 2108 1429 2149 hic
1466 2109 1580 2150 sumi>-

975 2185 1040 2213 tur
1065 2188 1137 2226 pro
1174 2171 1261 2224 jure
1293 2171 1493 2211 vendendi
1519 2170 1580 2210 sa-

976 2226 1030 2276 lis¹
1051 2233 1269 2287 publicanis
1302 2234 1436 2273 locato
1456 2260 1467 2280 ‚
1500 2231 1580 2273 five

975 2310 1027 2335 eo
1045 2297 1152 2349 quod
1175 2294 1332 2336 Gallice
1355 2294 1580 2335 diceremus

975 2358 1013 2398 Ie
1037 2357 1148 2412 parti
1174 2357 1221 2394 du
1243 2354 1321 2410 sel.

1040 2421 1065 2459 6
1087 2417 1283 2458 Portoriis
1303 2418 1320 2470 ]
1362 2415 1584 2471 Veffigali·

977 2481 1050 2521 bus
1083 2507 1094 2527 ,
1136 2494 1223 2533 quae
1269 2493 1343 2533 pro
1389 2479 1582 2531 importa-

978 2541 1091 2582 tione
1112 2542 1152 2584 &
1174 2541 1453 2595 exportatione
1476 2553 1584 2598 mer-¹

979 2603 1082 2647 cium
1108 2602 1381 2646 solvebantur.

1655 2612 1673 2632 l
