<?xml version="1.0" encoding="UTF-8"?>
<!DOCTYPE html PUBLIC "-//W3C//DTD XHTML 1.0 Transitional//EN"
    "http://www.w3.org/TR/xhtml1/DTD/xhtml1-transitional.dtd">
<html xmlns="http://www.w3.org/1999/xhtml" xml:lang="en" lang="en">
 <head>
  <title>
</title>
<meta http-equiv="Content-Type" content="text/html;charset=utf-8" />
  <meta name='ocr-system' content='tesseract 3.04.00' />
  <meta name='ocr-capabilities' content='ocr_page ocr_carea ocr_par ocr_line ocrx_word'/>
</head>
<body>
  <div class='ocr_page' id='page_1' title='image "./tliviipatavinihi0101livy_0577.png"; bbox 0 0 1643 3078; ppageno 0'>
   <div class='ocr_carea' id='block_1_1' title="bbox 267 26 1284 140">
    <p class='ocr_par' dir='ltr' id='par_1_1' title="bbox 267 26 1284 140">
     <span class='ocr_line' id='line_1_1' title="bbox 267 26 1284 140; baseline 0.003 -22"><span class='ocrx_word' id='word_1_1' title='bbox 267 55 610 120; x_wconf 76' lang='lat' dir='ltr'><strong>1NDE⁷X</strong></span> <span class='ocrx_word' id='word_1_2' title='bbox 677 68 1058 120; x_wconf 82' lang='lat' dir='ltr'><strong>RERUM.</strong></span> <span class='ocrx_word' id='word_1_3' title='bbox 1177 26 1284 140; x_wconf 35' lang='lat'>&#39;533</span> 
     </span>
    </p>
   </div>
   <div class='ocr_carea' id='block_1_2' title="bbox 10 135 1316 1702">
    <p class='ocr_par' dir='ltr' id='par_1_2' title="bbox 15 135 1289 192">
     <span class='ocr_line' id='line_1_2' title="bbox 15 135 1289 192; baseline 0.003 -17"><span class='ocrx_word' id='word_1_4' title='bbox 15 143 19 146; x_wconf 58' lang='lat'><em>⁴</em></span> <span class='ocrx_word' id='word_1_5' title='bbox 71 135 406 187; x_wconf 79' lang='lat' dir='ltr'>transcenderant,</span> <span class='ocrx_word' id='word_1_6' title='bbox 437 138 534 179; x_wconf 72' lang='lat' dir='ltr'>ibid.</span> <span class='ocrx_word' id='word_1_7' title='bbox 553 137 763 190; x_wconf 86' lang='lat' dir='ltr'>Tarquinio</span> <span class='ocrx_word' id='word_1_8' title='bbox 785 137 911 180; x_wconf 77' lang='lat' dir='ltr'>Prisco</span> <span class='ocrx_word' id='word_1_9' title='bbox 932 147 1110 192; x_wconf 79' lang='lat' dir='ltr'>regnante</span> <span class='ocrx_word' id='word_1_10' title='bbox 1127 137 1289 189; x_wconf 75' lang='lat' dir='ltr'>Romae,</span> 
     </span>
    </p>

    <p class='ocr_par' dir='ltr' id='par_1_3' title="bbox 46 190 1294 353">
     <span class='ocr_line' id='line_1_3' title="bbox 73 190 1291 246; baseline 0.002 -15"><span class='ocrx_word' id='word_1_11' title='bbox 73 201 140 242; x_wconf 72' lang='lat'>34.</span> <span class='ocrx_word' id='word_1_12' title='bbox 160 204 296 232; x_wconf 86' lang='lat' dir='ltr'>eorum</span> <span class='ocrx_word' id='word_1_13' title='bbox 312 193 422 233; x_wconf 87' lang='lat' dir='ltr'>variis</span> <span class='ocrx_word' id='word_1_14' title='bbox 440 190 674 246; x_wconf 68' lang='lat' dir='ltr'><strong>temporibus</strong></span> <span class='ocrx_word' id='word_1_15' title='bbox 695 191 859 232; x_wconf 75' lang='lat' dir='ltr'>transitus</span> <span class='ocrx_word' id='word_1_16' title='bbox 879 195 912 232; x_wconf 93' lang='lat' dir='ltr'>in</span> <span class='ocrx_word' id='word_1_17' title='bbox 931 191 1076 233; x_wconf 80' lang='lat' dir='ltr'>Italiam</span> <span class='ocrx_word' id='word_1_18' title='bbox 1097 193 1291 246; x_wconf 77' lang='lat' dir='ltr'><strong>descripti,</strong></span> 
     </span>
     <span class='ocr_line' id='line_1_4' title="bbox 46 245 1291 299; baseline 0.006 -19"><span class='ocrx_word' id='word_1_19' title='bbox 46 282 59 291; x_wconf 69' lang='grc'><em>,</em></span> <span class='ocrx_word' id='word_1_20' title='bbox 72 245 168 286; x_wconf 78' lang='lat' dir='ltr'>ibid.</span> <span class='ocrx_word' id='word_1_21' title='bbox 192 246 226 285; x_wconf 64' lang='grc' dir='ltr'>δ’</span> <span class='ocrx_word' id='word_1_22' title='bbox 247 257 309 298; x_wconf 85' lang='lat'>35.</span> <span class='ocrx_word' id='word_1_23' title='bbox 328 245 508 299; x_wconf 85' lang='lat' dir='ltr'>postremi</span> <span class='ocrx_word' id='word_1_24' title='bbox 527 245 696 285; x_wconf 85' lang='lat' dir='ltr'>omnium</span> <span class='ocrx_word' id='word_1_25' title='bbox 715 245 914 297; x_wconf 80' lang='lat' dir='ltr'>transgreffi</span> <span class='ocrx_word' id='word_1_26' title='bbox 932 246 1103 288; x_wconf 76' lang='lat' dir='ltr'>Senones</span> <span class='ocrx_word' id='word_1_27' title='bbox 1122 245 1291 288; x_wconf 78' lang='lat' dir='ltr'>Clusium</span> 
     </span>
     <span class='ocr_line' id='line_1_5' title="bbox 75 296 1294 353; baseline 0.002 -15"><span class='ocrx_word' id='word_1_28' title='bbox 75 309 319 352; x_wconf 81' lang='lat' dir='ltr'>oppugnant,</span> <span class='ocrx_word' id='word_1_29' title='bbox 339 310 404 351; x_wconf 84' lang='lat'>35.</span> <span class='ocrx_word' id='word_1_30' title='bbox 427 296 541 351; x_wconf 83' lang='lat' dir='ltr'>legati</span> <span class='ocrx_word' id='word_1_31' title='bbox 562 298 609 340; x_wconf 84' lang='lat' dir='ltr'>ad</span> <span class='ocrx_word' id='word_1_32' title='bbox 627 311 697 340; x_wconf 89' lang='lat' dir='ltr'>eos</span> <span class='ocrx_word' id='word_1_33' title='bbox 714 297 978 340; x_wconf 84' lang='lat' dir='ltr'>Romanorum</span> <span class='ocrx_word' id='word_1_34' title='bbox 994 330 1004 347; x_wconf 91' lang='lat'>,</span> <span class='ocrx_word' id='word_1_35' title='bbox 1023 301 1117 340; x_wconf 73' lang='lat' dir='ltr'><em>ibid.</em></span> <span class='ocrx_word' id='word_1_36' title='bbox 1136 300 1294 353; x_wconf 83' lang='lat' dir='ltr'>respon-</span> 
     </span>
    </p>

    <p class='ocr_par' dir='ltr' id='par_1_4' title="bbox 10 351 1299 621">
     <span class='ocr_line' id='line_1_6' title="bbox 10 351 1294 408; baseline 0.002 -16"><span class='ocrx_word' id='word_1_37' title='bbox 10 379 14 383; x_wconf 88' lang='lat'><em>-</em></span> <span class='ocrx_word' id='word_1_38' title='bbox 75 351 155 408; x_wconf 82' lang='lat' dir='ltr'>sum</span> <span class='ocrx_word' id='word_1_39' title='bbox 175 352 376 395; x_wconf 80' lang='lat' dir='ltr'>Gallorum</span> <span class='ocrx_word' id='word_1_40' title='bbox 396 383 406 400; x_wconf 78' lang='grc'><em>,</em></span> <span class='ocrx_word' id='word_1_41' title='bbox 427 352 491 404; x_wconf 83' lang='lat'>36.</span> <span class='ocrx_word' id='word_1_42' title='bbox 509 352 590 403; x_wconf 78' lang='lat' dir='ltr'>jure</span> <span class='ocrx_word' id='word_1_43' title='bbox 607 354 772 407; x_wconf 82' lang='lat' dir='ltr'>gentium</span> <span class='ocrx_word' id='word_1_44' title='bbox 789 364 810 392; x_wconf 88' lang='lat' dir='ltr'>a</span> <span class='ocrx_word' id='word_1_45' title='bbox 829 351 946 395; x_wconf 87' lang='lat' dir='ltr'>Rom.</span> <span class='ocrx_word' id='word_1_46' title='bbox 966 353 1098 405; x_wconf 83' lang='lat' dir='ltr'>legatis</span> <span class='ocrx_word' id='word_1_47' title='bbox 1119 355 1264 395; x_wconf 78' lang='lat' dir='ltr'>violato</span> <span class='ocrx_word' id='word_1_48' title='bbox 1280 382 1294 400; x_wconf 91' lang='lat'>‚</span> 
     </span>
     <span class='ocr_line' id='line_1_7' title="bbox 75 400 1294 460; baseline 0.002 -14"><span class='ocrx_word' id='word_1_49' title='bbox 75 405 141 458; x_wconf 86' lang='lat' dir='ltr'>ips1</span> <span class='ocrx_word' id='word_1_50' title='bbox 161 407 308 447; x_wconf 85' lang='lat' dir='ltr'>mittunt</span> <span class='ocrx_word' id='word_1_51' title='bbox 324 406 472 460; x_wconf 84' lang='lat' dir='ltr'>legatos</span> <span class='ocrx_word' id='word_1_52' title='bbox 491 406 655 447; x_wconf 83' lang='lat' dir='ltr'>Romam</span> <span class='ocrx_word' id='word_1_53' title='bbox 671 435 685 452; x_wconf 92' lang='lat'>,</span> <span class='ocrx_word' id='word_1_54' title='bbox 715 400 935 448; x_wconf 71' lang='lat' dir='ltr'>ibid.‘elusa</span> <span class='ocrx_word' id='word_1_55' title='bbox 971 406 1033 447; x_wconf 87' lang='lat' dir='ltr'>sua</span> <span class='ocrx_word' id='word_1_56' title='bbox 1066 406 1260 460; x_wconf 74' lang='lat' dir='ltr'>legatione</span> <span class='ocrx_word' id='word_1_57' title='bbox 1281 439 1294 459; x_wconf 85' lang='lat'>‚</span> 
     </span>
     <span class='ocr_line' id='line_1_8' title="bbox 76 458 1295 513; baseline 0.003 -13"><span class='ocrx_word' id='word_1_58' title='bbox 76 459 243 501; x_wconf 80' lang='lat' dir='ltr'>Romam</span> <span class='ocrx_word' id='word_1_59' title='bbox 261 461 329 501; x_wconf 83' lang='lat' dir='ltr'>iter</span> <span class='ocrx_word' id='word_1_60' title='bbox 346 458 565 511; x_wconf 88' lang='lat' dir='ltr'>intendunt,</span> <span class='ocrx_word' id='word_1_61' title='bbox 582 472 648 513; x_wconf 87' lang='lat'>37.</span> <span class='ocrx_word' id='word_1_62' title='bbox 664 462 820 502; x_wconf 84' lang='lat' dir='ltr'>vincunt</span> <span class='ocrx_word' id='word_1_63' title='bbox 836 460 951 502; x_wconf 85' lang='lat' dir='ltr'>Rom.</span> <span class='ocrx_word' id='word_1_64' title='bbox 965 460 1012 501; x_wconf 88' lang='lat' dir='ltr'>ad</span> <span class='ocrx_word' id='word_1_65' title='bbox 1026 459 1183 510; x_wconf 84' lang='lat' dir='ltr'>Alliam,</span> <span class='ocrx_word' id='word_1_66' title='bbox 1198 461 1295 504; x_wconf 72' lang='lat' dir='ltr'>ibid.</span> 
     </span>
     <span class='ocr_line' id='line_1_9' title="bbox 79 513 1299 568; baseline 0.002 -15"><span class='ocrx_word' id='word_1_67' title='bbox 79 514 117 553; x_wconf 65' lang='grc' dir='ltr'>ὁ</span> <span class='ocrx_word' id='word_1_68' title='bbox 141 515 205 567; x_wconf 86' lang='lat'>38.</span> <span class='ocrx_word' id='word_1_69' title='bbox 241 513 414 568; x_wconf 87' lang='lat' dir='ltr'>diripiunt</span> <span class='ocrx_word' id='word_1_70' title='bbox 446 515 487 554; x_wconf 88' lang='lat'>&amp;</span> <span class='ocrx_word' id='word_1_71' title='bbox 518 515 722 556; x_wconf 86' lang='lat' dir='ltr'>incendunt</span> <span class='ocrx_word' id='word_1_72' title='bbox 756 515 922 556; x_wconf 84' lang='lat' dir='ltr'>Romam</span> <span class='ocrx_word' id='word_1_73' title='bbox 939 542 951 559; x_wconf 94' lang='lat'>,</span> <span class='ocrx_word' id='word_1_74' title='bbox 978 527 1044 564; x_wconf 87' lang='lat'>41.</span> <span class='ocrx_word' id='word_1_75' title='bbox 1079 524 1299 568; x_wconf 80' lang='lat' dir='ltr'>oppugnant</span> 
     </span>
     <span class='ocr_line' id='line_1_10' title="bbox 77 567 1298 621; baseline 0.001 -13"><span class='ocrx_word' id='word_1_76' title='bbox 77 567 207 609; x_wconf 79' lang='lat' dir='ltr'>frustra</span> <span class='ocrx_word' id='word_1_77' title='bbox 231 581 360 610; x_wconf 89' lang='lat' dir='ltr'>arcem</span> <span class='ocrx_word' id='word_1_78' title='bbox 376 568 490 610; x_wconf 85' lang='lat' dir='ltr'>Rom.</span> <span class='ocrx_word' id='word_1_79' title='bbox 505 579 556 620; x_wconf 86' lang='lat'>43</span> <span class='ocrx_word' id='word_1_80' title='bbox 574 601 582 618; x_wconf 90' lang='lat'>‚</span> <span class='ocrx_word' id='word_1_81' title='bbox 600 568 832 621; x_wconf 83' lang='lat' dir='ltr'>repelluntur</span> <span class='ocrx_word' id='word_1_82' title='bbox 844 597 855 613; x_wconf 91' lang='lat'><em>‚</em></span> <span class='ocrx_word' id='word_1_83' title='bbox 870 582 938 618; x_wconf 87' lang='lat'>47.</span> <span class='ocrx_word' id='word_1_84' title='bbox 955 567 1192 621; x_wconf 83' lang='lat' dir='ltr'>paciscuntur</span> <span class='ocrx_word' id='word_1_85' title='bbox 1209 581 1298 609; x_wconf 89' lang='lat' dir='ltr'>cum</span> 
     </span>
    </p>

    <p class='ocr_par' dir='ltr' id='par_1_5' title="bbox 45 621 1300 677">
     <span class='ocr_line' id='line_1_11' title="bbox 45 621 1300 677; baseline -0.001 -13"><span class='ocrx_word' id='word_1_86' title='bbox 45 652 49 655; x_wconf 64' lang='grc'><em>»</em></span> <span class='ocrx_word' id='word_1_87' title='bbox 77 621 196 664; x_wconf 88' lang='lat' dir='ltr'>Rom.</span> <span class='ocrx_word' id='word_1_88' title='bbox 215 623 281 673; x_wconf 85' lang='lat'>48.</span> <span class='ocrx_word' id='word_1_89' title='bbox 300 639 354 664; x_wconf 69' lang='lat' dir='ltr'>rae</span> <span class='ocrx_word' id='word_1_90' title='bbox 371 623 482 662; x_wconf 58' lang='lat' dir='ltr'>vietis</span> <span class='ocrx_word' id='word_1_91' title='bbox 499 649 512 667; x_wconf 91' lang='lat'>‚</span> <span class='ocrx_word' id='word_1_92' title='bbox 532 623 627 666; x_wconf 84' lang='lat' dir='ltr'><em>ibid.</em></span> <span class='ocrx_word' id='word_1_93' title='bbox 647 622 736 663; x_wconf 87' lang='lat' dir='ltr'>dum</span> <span class='ocrx_word' id='word_1_94' title='bbox 756 621 981 677; x_wconf 78' lang='lat' dir='ltr'>appenditur</span> <span class='ocrx_word' id='word_1_95' title='bbox 1001 634 1131 662; x_wconf 87' lang='lat' dir='ltr'>aurum</span> <span class='ocrx_word' id='word_1_96' title='bbox 1150 649 1162 666; x_wconf 88' lang='lat'>‚</span> <span class='ocrx_word' id='word_1_97' title='bbox 1185 624 1300 663; x_wconf 85' lang='lat' dir='ltr'>inter-</span> 
     </span>
    </p>

    <p class='ocr_par' dir='ltr' id='par_1_6' title="bbox 14 675 1302 833">
     <span class='ocr_line' id='line_1_12' title="bbox 14 675 1302 730; baseline -0.001 -12"><span class='ocrx_word' id='word_1_98' title='bbox 14 700 16 703; x_wconf 91' lang='lat'><em>-</em></span> <span class='ocrx_word' id='word_1_99' title='bbox 79 678 186 718; x_wconf 87' lang='lat' dir='ltr'>venit</span> <span class='ocrx_word' id='word_1_100' title='bbox 201 675 385 717; x_wconf 83' lang='lat' dir='ltr'>Camillus</span> <span class='ocrx_word' id='word_1_101' title='bbox 406 675 564 717; x_wconf 69' lang='lat' dir='ltr'>diftator</span> <span class='ocrx_word' id='word_1_102' title='bbox 581 706 593 724; x_wconf 92' lang='lat'>‚</span> <span class='ocrx_word' id='word_1_103' title='bbox 614 677 756 730; x_wconf 87' lang='lat' dir='ltr'>eosque</span> <span class='ocrx_word' id='word_1_104' title='bbox 775 689 943 730; x_wconf 82' lang='lat' dir='ltr'>pugnare</span> <span class='ocrx_word' id='word_1_105' title='bbox 971 675 1078 728; x_wconf 79' lang='lat' dir='ltr'>jubet</span> <span class='ocrx_word' id='word_1_106' title='bbox 1101 708 1110 722; x_wconf 84' lang='lat'><em>.</em></span> <span class='ocrx_word' id='word_1_107' title='bbox 1140 677 1181 716; x_wconf 73' lang='grc' dir='ltr'>ὅ(</span> <span class='ocrx_word' id='word_1_108' title='bbox 1217 677 1302 717; x_wconf 86' lang='lat' dir='ltr'>vin-</span> 
     </span>
     <span class='ocr_line' id='line_1_13' title="bbox 81 728 1302 824; baseline 0.002 -53"><span class='ocrx_word' id='word_1_109' title='bbox 81 731 133 824; x_wconf 58' lang='lat' dir='ltr'>pit</span> <span class='ocrx_word' id='word_1_110' title='bbox 147 759 158 776; x_wconf 90' lang='lat'><strong>,</strong></span> <span class='ocrx_word' id='word_1_111' title='bbox 177 742 244 824; x_wconf 49' lang='lat'>42).</span> <span class='ocrx_word' id='word_1_112' title='bbox 264 733 400 772; x_wconf 81' lang='lat' dir='ltr'>iterum</span> <span class='ocrx_word' id='word_1_113' title='bbox 415 742 485 772; x_wconf 90' lang='lat' dir='ltr'>eos</span> <span class='ocrx_word' id='word_1_114' title='bbox 501 728 613 772; x_wconf 85' lang='lat' dir='ltr'>caedit</span> <span class='ocrx_word' id='word_1_115' title='bbox 627 759 640 775; x_wconf 96' lang='lat'><strong><em>,</em></strong></span> <span class='ocrx_word' id='word_1_116' title='bbox 653 731 704 771; x_wconf 78' lang='lat' dir='ltr'>ita</span> <span class='ocrx_word' id='word_1_117' title='bbox 721 741 761 772; x_wconf 88' lang='lat' dir='ltr'>ut</span> <span class='ocrx_word' id='word_1_118' title='bbox 779 744 826 772; x_wconf 89' lang='lat' dir='ltr'>ne</span> <span class='ocrx_word' id='word_1_119' title='bbox 845 732 992 772; x_wconf 82' lang='lat' dir='ltr'>nuntius</span> <span class='ocrx_word' id='word_1_120' title='bbox 1007 730 1160 785; x_wconf 88' lang='lat' dir='ltr'>quidem</span> <span class='ocrx_word' id='word_1_121' title='bbox 1177 730 1302 784; x_wconf 87' lang='lat' dir='ltr'>super-</span> 
     </span>
     <span class='ocr_line' id='line_1_14' title="bbox 96 787 349 833; baseline 0.008 -9"><span class='ocrx_word' id='word_1_122' title='bbox 96 794 123 825; x_wconf 68' lang='lat' dir='ltr'>rt</span> <span class='ocrx_word' id='word_1_123' title='bbox 144 815 155 833; x_wconf 95' lang='lat'>‚</span> <span class='ocrx_word' id='word_1_124' title='bbox 183 789 197 824; x_wconf 81' lang='grc' dir='ltr'>ι’</span> <span class='ocrx_word' id='word_1_125' title='bbox 224 787 280 826; x_wconf 82' lang='lat' dir='ltr'>id.</span> <span class='ocrx_word' id='word_1_126' title='bbox 343 809 349 813; x_wconf 91' lang='lat'><em>-</em></span> 
     </span>
    </p>

    <p class='ocr_par' dir='ltr' id='par_1_7' title="bbox 27 837 1113 892">
     <span class='ocr_line' id='line_1_15' title="bbox 27 837 1113 892; baseline -0.001 -11"><span class='ocrx_word' id='word_1_127' title='bbox 27 838 231 881; x_wconf 85' lang='lat' dir='ltr'>Gallorum</span> <span class='ocrx_word' id='word_1_128' title='bbox 251 851 382 879; x_wconf 84' lang='lat' dir='ltr'>manus</span> <span class='ocrx_word' id='word_1_129' title='bbox 400 838 435 878; x_wconf 86' lang='lat' dir='ltr'>in</span> <span class='ocrx_word' id='word_1_130' title='bbox 453 837 670 892; x_wconf 87' lang='lat' dir='ltr'>Hercynios</span> <span class='ocrx_word' id='word_1_131' title='bbox 688 837 796 879; x_wconf 90' lang='lat' dir='ltr'>saltus</span> <span class='ocrx_word' id='word_1_132' title='bbox 817 838 916 879; x_wconf 74' lang='lat' dir='ltr'>missa</span> <span class='ocrx_word' id='word_1_133' title='bbox 932 870 942 889; x_wconf 94' lang='lat'>,</span> <span class='ocrx_word' id='word_1_134' title='bbox 963 838 1025 883; x_wconf 87' lang='lat' dir='ltr'>V,</span> <span class='ocrx_word' id='word_1_135' title='bbox 1049 849 1113 890; x_wconf 85' lang='lat'>34.</span> 
     </span>
    </p>

    <p class='ocr_par' dir='ltr' id='par_1_8' title="bbox 28 891 1305 1056">
     <span class='ocr_line' id='line_1_16' title="bbox 28 891 1304 946; baseline -0.002 -10"><span class='ocrx_word' id='word_1_136' title='bbox 28 892 150 936; x_wconf 74' lang='lat' dir='ltr'>Gallis</span> <span class='ocrx_word' id='word_1_137' title='bbox 171 904 338 946; x_wconf 84' lang='lat' dir='ltr'>corpora</span> <span class='ocrx_word' id='word_1_138' title='bbox 357 893 670 935; x_wconf 75' lang='lat' dir='ltr'>intolerantiffima</span> <span class='ocrx_word' id='word_1_139' title='bbox 691 891 832 933; x_wconf 86' lang='lat' dir='ltr'>laboris</span> <span class='ocrx_word' id='word_1_140' title='bbox 853 902 966 946; x_wconf 83' lang='lat' dir='ltr'>atque</span> <span class='ocrx_word' id='word_1_141' title='bbox 988 892 1092 933; x_wconf 73' lang='lat' dir='ltr'>aestfis</span> <span class='ocrx_word' id='word_1_142' title='bbox 1112 922 1123 941; x_wconf 91' lang='lat'><strong>‚</strong></span> <span class='ocrx_word' id='word_1_143' title='bbox 1152 893 1304 935; x_wconf 80' lang='lat' dir='ltr'>humori</span> 
     </span>
     <span class='ocr_line' id='line_1_17' title="bbox 85 946 1305 1002; baseline 0.002 -16"><span class='ocrx_word' id='word_1_144' title='bbox 85 946 273 1000; x_wconf 81' lang='lat' dir='ltr'>&amp;frigori</span> <span class='ocrx_word' id='word_1_145' title='bbox 304 947 467 997; x_wconf 77' lang='lat' dir='ltr'>assueta,</span> <span class='ocrx_word' id='word_1_146' title='bbox 488 946 524 987; x_wconf 90' lang='lat' dir='ltr'>V</span> <span class='ocrx_word' id='word_1_147' title='bbox 543 977 553 996; x_wconf 88' lang='lat'>,</span> <span class='ocrx_word' id='word_1_148' title='bbox 575 947 642 996; x_wconf 80' lang='lat'>48.</span> <span class='ocrx_word' id='word_1_149' title='bbox 669 958 835 1000; x_wconf 88' lang='lat' dir='ltr'>corpora</span> <span class='ocrx_word' id='word_1_150' title='bbox 869 947 915 988; x_wconf 85' lang='lat' dir='ltr'>iis</span> <span class='ocrx_word' id='word_1_151' title='bbox 951 948 992 987; x_wconf 73' lang='grc' dir='ltr'>ὃ(</span> <span class='ocrx_word' id='word_1_152' title='bbox 1022 947 1136 988; x_wconf 88' lang='lat' dir='ltr'>animi</span> <span class='ocrx_word' id='word_1_153' title='bbox 1168 959 1305 1002; x_wconf 82' lang='lat' dir='ltr'>magna</span> 
     </span>
     <span class='ocr_line' id='line_1_18' title="bbox 84 1000 645 1056; baseline 0.004 -16"><span class='ocrx_word' id='word_1_154' title='bbox 84 1001 202 1056; x_wconf 76' lang='lat' dir='ltr'>magis</span> <span class='ocrx_word' id='word_1_155' title='bbox 224 1002 336 1055; x_wconf 71' lang='lat' dir='ltr'>quum</span> <span class='ocrx_word' id='word_1_156' title='bbox 355 1000 482 1050; x_wconf 74' lang='lat' dir='ltr'>firma,</span> <span class='ocrx_word' id='word_1_157' title='bbox 502 1001 558 1046; x_wconf 90' lang='lat' dir='ltr'>V,</span> <span class='ocrx_word' id='word_1_158' title='bbox 576 1015 645 1051; x_wconf 88' lang='lat'>42.</span> 
     </span>
    </p>

    <p class='ocr_par' dir='ltr' id='par_1_9' title="bbox 29 1053 1306 1163">
     <span class='ocr_line' id='line_1_19' title="bbox 29 1053 1306 1110; baseline 0.001 -14"><span class='ocrx_word' id='word_1_159' title='bbox 29 1054 137 1096; x_wconf 84' lang='lat' dir='ltr'>Galli</span> <span class='ocrx_word' id='word_1_160' title='bbox 157 1067 248 1109; x_wconf 75' lang='lat' dir='ltr'>gens</span> <span class='ocrx_word' id='word_1_161' title='bbox 272 1064 356 1095; x_wconf 83' lang='lat' dir='ltr'>nata</span> <span class='ocrx_word' id='word_1_162' title='bbox 383 1056 419 1095; x_wconf 91' lang='lat' dir='ltr'>in</span> <span class='ocrx_word' id='word_1_163' title='bbox 442 1066 570 1096; x_wconf 84' lang='lat' dir='ltr'>vanos</span> <span class='ocrx_word' id='word_1_164' title='bbox 601 1054 777 1095; x_wconf 72' lang='lat' dir='ltr'>tumultus</span> <span class='ocrx_word' id='word_1_165' title='bbox 794 1085 805 1103; x_wconf 92' lang='lat'>,</span> <span class='ocrx_word' id='word_1_166' title='bbox 820 1053 856 1094; x_wconf 93' lang='lat' dir='ltr'>V</span> <span class='ocrx_word' id='word_1_167' title='bbox 872 1084 882 1102; x_wconf 94' lang='lat'>‚</span> <span class='ocrx_word' id='word_1_168' title='bbox 904 1065 948 1106; x_wconf 81' lang='lat'>35</span> <span class='ocrx_word' id='word_1_169' title='bbox 969 1085 979 1104; x_wconf 88' lang='lat'>,</span> <span class='ocrx_word' id='word_1_170' title='bbox 1004 1065 1068 1107; x_wconf 78' lang='lat'>39.</span> <span class='ocrx_word' id='word_1_171' title='bbox 1105 1054 1306 1110; x_wconf 80' lang='lat' dir='ltr'>haudqua-</span> 
     </span>
     <span class='ocr_line' id='line_1_20' title="bbox 84 1108 907 1163; baseline -0.002 -14"><span class='ocrx_word' id='word_1_172' title='bbox 84 1121 197 1163; x_wconf 83' lang='lat' dir='ltr'>quam</span> <span class='ocrx_word' id='word_1_173' title='bbox 228 1109 419 1163; x_wconf 77' lang='lat' dir='ltr'>negligens</span> <span class='ocrx_word' id='word_1_174' title='bbox 454 1109 677 1162; x_wconf 83' lang='lat' dir='ltr'>religionum</span> <span class='ocrx_word' id='word_1_175' title='bbox 701 1140 712 1158; x_wconf 93' lang='lat'>‚</span> <span class='ocrx_word' id='word_1_176' title='bbox 744 1108 780 1149; x_wconf 91' lang='lat' dir='ltr'>V</span> <span class='ocrx_word' id='word_1_177' title='bbox 795 1140 807 1158; x_wconf 88' lang='lat'>‚</span> <span class='ocrx_word' id='word_1_178' title='bbox 840 1108 907 1157; x_wconf 78' lang='lat'>46.</span> 
     </span>
    </p>

    <p class='ocr_par' dir='ltr' id='par_1_10' title="bbox 31 1160 1313 1378">
     <span class='ocr_line' id='line_1_21' title="bbox 31 1160 1308 1216; baseline 0.001 -12"><span class='ocrx_word' id='word_1_179' title='bbox 31 1161 93 1204; x_wconf 84' lang='lat' dir='ltr'>M.</span> <span class='ocrx_word' id='word_1_180' title='bbox 115 1163 311 1216; x_wconf 59' lang='lat' dir='ltr'>,Geganius</span> <span class='ocrx_word' id='word_1_181' title='bbox 331 1164 552 1205; x_wconf 72' lang='lat' dir='ltr'>Macerinus</span> <span class='ocrx_word' id='word_1_182' title='bbox 574 1162 653 1204; x_wconf 88' lang='lat' dir='ltr'>cos.</span> <span class='ocrx_word' id='word_1_183' title='bbox 680 1160 784 1203; x_wconf 76' lang='lat' dir='ltr'>sedat</span> <span class='ocrx_word' id='word_1_184' title='bbox 801 1163 992 1203; x_wconf 79' lang='lat' dir='ltr'>coitiones</span> <span class='ocrx_word' id='word_1_185' title='bbox 1018 1161 1106 1205; x_wconf 78' lang='lat' dir='ltr'>trib.</span> <span class='ocrx_word' id='word_1_186' title='bbox 1124 1162 1308 1205; x_wconf 76' lang='lat' dir='ltr'>adversus</span> 
     </span>
     <span class='ocr_line' id='line_1_22' title="bbox 85 1205 1308 1268; baseline 0 -10"><span class='ocrx_word' id='word_1_187' title='bbox 85 1205 273 1258; x_wconf 80' lang='lat' dir='ltr'>nobilium</span> <span class='ocrx_word' id='word_1_188' title='bbox 292 1217 528 1268; x_wconf 72' lang='lat' dir='ltr'>juventutem</span> <span class='ocrx_word' id='word_1_189' title='bbox 549 1228 651 1258; x_wconf 85' lang='lat' dir='ltr'>ortas</span> <span class='ocrx_word' id='word_1_190' title='bbox 674 1244 687 1261; x_wconf 89' lang='lat'><em>,</em></span> <span class='ocrx_word' id='word_1_191' title='bbox 703 1215 755 1257; x_wconf 89' lang='lat' dir='ltr'>lll</span> <span class='ocrx_word' id='word_1_192' title='bbox 772 1248 783 1266; x_wconf 89' lang='lat'>,</span> <span class='ocrx_word' id='word_1_193' title='bbox 801 1217 869 1266; x_wconf 82' lang='lat'>65.</span> <span class='ocrx_word' id='word_1_194' title='bbox 895 1215 1099 1257; x_wconf 72' lang='lat' dir='ltr'>secundum</span> <span class='ocrx_word' id='word_1_195' title='bbox 1129 1218 1209 1259; x_wconf 85' lang='lat' dir='ltr'>cos.</span> <span class='ocrx_word' id='word_1_196' title='bbox 1231 1217 1308 1266; x_wconf 78' lang='lat' dir='ltr'>IV,</span> 
     </span>
     <span class='ocr_line' id='line_1_23' title="bbox 89 1268 1313 1323; baseline 0.002 -13"><span class='ocrx_word' id='word_1_197' title='bbox 89 1271 127 1312; x_wconf 79' lang='lat'>3.</span> <span class='ocrx_word' id='word_1_198' title='bbox 146 1270 314 1312; x_wconf 79' lang='lat' dir='ltr'>Volscos</span> <span class='ocrx_word' id='word_1_199' title='bbox 331 1303 342 1321; x_wconf 87' lang='lat'><strong><em>,</em></strong></span> <span class='ocrx_word' id='word_1_200' title='bbox 363 1270 532 1311; x_wconf 84' lang='lat' dir='ltr'>Ardeam</span> <span class='ocrx_word' id='word_1_201' title='bbox 561 1269 777 1311; x_wconf 71' lang='lat' dir='ltr'>obsidentes</span> <span class='ocrx_word' id='word_1_202' title='bbox 794 1301 804 1317; x_wconf 90' lang='lat'>,</span> <span class='ocrx_word' id='word_1_203' title='bbox 824 1268 970 1311; x_wconf 72' lang='lat' dir='ltr'>obsid-et</span> <span class='ocrx_word' id='word_1_204' title='bbox 992 1271 1066 1323; x_wconf 69' lang='lat' dir='ltr'>ipse</span> <span class='ocrx_word' id='word_1_205' title='bbox 1083 1301 1093 1318; x_wconf 85' lang='lat'>‚</span> <span class='ocrx_word' id='word_1_206' title='bbox 1126 1283 1163 1323; x_wconf 94' lang='lat'>9.</span> <span class='ocrx_word' id='word_1_207' title='bbox 1195 1273 1313 1313; x_wconf 89' lang='lat' dir='ltr'>vincit</span> 
     </span>
     <span class='ocr_line' id='line_1_24' title="bbox 86 1323 1313 1378; baseline 0.002 -13"><span class='ocrx_word' id='word_1_208' title='bbox 86 1323 256 1366; x_wconf 84' lang='lat' dir='ltr'>Volscos</span> <span class='ocrx_word' id='word_1_209' title='bbox 275 1355 286 1372; x_wconf 92' lang='lat'>,</span> <span class='ocrx_word' id='word_1_210' title='bbox 305 1325 347 1364; x_wconf 73' lang='grc' dir='ltr'>ὃ(</span> <span class='ocrx_word' id='word_1_211' title='bbox 368 1325 432 1365; x_wconf 85' lang='lat' dir='ltr'>sub</span> <span class='ocrx_word' id='word_1_212' title='bbox 449 1324 576 1378; x_wconf 76' lang='lat' dir='ltr'>jugum</span> <span class='ocrx_word' id='word_1_213' title='bbox 596 1325 736 1371; x_wconf 75' lang='lat' dir='ltr'>mittit,</span> <span class='ocrx_word' id='word_1_214' title='bbox 763 1337 824 1365; x_wconf 88' lang='lat'>10.</span> <span class='ocrx_word' id='word_1_215' title='bbox 845 1326 1046 1378; x_wconf 80' lang='lat' dir='ltr'>componit</span> <span class='ocrx_word' id='word_1_216' title='bbox 1066 1325 1201 1366; x_wconf 79' lang='lat' dir='ltr'>Ardeae</span> <span class='ocrx_word' id='word_1_217' title='bbox 1223 1339 1282 1367; x_wconf 82' lang='lat' dir='ltr'>res</span> <span class='ocrx_word' id='word_1_218' title='bbox 1300 1353 1313 1371; x_wconf 82' lang='grc'><strong>.</strong></span> 
     </span>
    </p>

    <p class='ocr_par' dir='ltr' id='par_1_11' title="bbox 20 1379 1316 1648">
     <span class='ocr_line' id='line_1_25' title="bbox 20 1379 1316 1431; baseline 0.002 -13"><span class='ocrx_word' id='word_1_219' title='bbox 20 1387 21 1390; x_wconf 73' lang='grc'>’</span> <span class='ocrx_word' id='word_1_220' title='bbox 87 1379 183 1418; x_wconf 79' lang='lat' dir='ltr'>ibid.</span> <span class='ocrx_word' id='word_1_221' title='bbox 204 1379 299 1420; x_wconf 87' lang='lat' dir='ltr'>redit</span> <span class='ocrx_word' id='word_1_222' title='bbox 331 1379 366 1418; x_wconf 88' lang='lat' dir='ltr'>in</span> <span class='ocrx_word' id='word_1_223' title='bbox 386 1379 520 1419; x_wconf 84' lang='lat' dir='ltr'>urbem</span> <span class='ocrx_word' id='word_1_224' title='bbox 545 1380 806 1431; x_wconf 76' lang='lat' dir='ltr'>triumphans,</span> <span class='ocrx_word' id='word_1_225' title='bbox 826 1379 920 1419; x_wconf 76' lang='lat' dir='ltr'>ibid.</span> <span class='ocrx_word' id='word_1_226' title='bbox 955 1379 1104 1419; x_wconf 74' lang='lat' dir='ltr'>tertium</span> <span class='ocrx_word' id='word_1_227' title='bbox 1140 1380 1220 1421; x_wconf 90' lang='lat' dir='ltr'>cos.</span> <span class='ocrx_word' id='word_1_228' title='bbox 1251 1393 1316 1431; x_wconf 89' lang='lat'>17.</span> 
     </span>
     <span class='ocr_line' id='line_1_26' title="bbox 88 1432 1316 1486; baseline 0.002 -12"><span class='ocrx_word' id='word_1_229' title='bbox 88 1433 225 1474; x_wconf 87' lang='lat' dir='ltr'>censor</span> <span class='ocrx_word' id='word_1_230' title='bbox 245 1432 423 1485; x_wconf 79' lang='lat' dir='ltr'>probavit</span> <span class='ocrx_word' id='word_1_231' title='bbox 442 1432 569 1473; x_wconf 84' lang='lat' dir='ltr'>villam</span> <span class='ocrx_word' id='word_1_232' title='bbox 588 1433 780 1485; x_wconf 86' lang='lat' dir='ltr'>publicam</span> <span class='ocrx_word' id='word_1_233' title='bbox 811 1434 844 1471; x_wconf 90' lang='lat' dir='ltr'>in</span> <span class='ocrx_word' id='word_1_234' title='bbox 875 1444 1013 1486; x_wconf 84' lang='lat' dir='ltr'>campo</span> <span class='ocrx_word' id='word_1_235' title='bbox 1036 1432 1181 1475; x_wconf 77' lang='lat' dir='ltr'>Martio</span> <span class='ocrx_word' id='word_1_236' title='bbox 1198 1466 1209 1484; x_wconf 90' lang='lat'><strong>‚</strong></span> <span class='ocrx_word' id='word_1_237' title='bbox 1244 1447 1316 1477; x_wconf 82' lang='lat'>22.</span> 
     </span>
     <span class='ocr_line' id='line_1_27' title="bbox 90 1485 1312 1541; baseline -0.001 -12"><span class='ocrx_word' id='word_1_238' title='bbox 90 1487 214 1529; x_wconf 86' lang='lat' dir='ltr'>Mam.</span> <span class='ocrx_word' id='word_1_239' title='bbox 234 1487 433 1528; x_wconf 82' lang='lat' dir='ltr'>AEmilium</span> <span class='ocrx_word' id='word_1_240' title='bbox 451 1517 462 1535; x_wconf 86' lang='lat'>,</span> <span class='ocrx_word' id='word_1_241' title='bbox 485 1487 546 1539; x_wconf 80' lang='lat' dir='ltr'>qui</span> <span class='ocrx_word' id='word_1_242' title='bbox 580 1487 740 1527; x_wconf 61' lang='lat' dir='ltr'>distator</span> <span class='ocrx_word' id='word_1_243' title='bbox 768 1485 961 1527; x_wconf 82' lang='lat' dir='ltr'>censuram</span> <span class='ocrx_word' id='word_1_244' title='bbox 991 1486 1312 1541; x_wconf 84' lang='lat' dir='ltr'>quinquennalem</span> 
     </span>
     <span class='ocr_line' id='line_1_28' title="bbox 91 1539 1313 1595; baseline 0.001 -13"><span class='ocrx_word' id='word_1_245' title='bbox 91 1550 248 1582; x_wconf 85' lang='lat' dir='ltr'>eatenus</span> <span class='ocrx_word' id='word_1_246' title='bbox 265 1572 276 1590; x_wconf 91' lang='lat'>,</span> <span class='ocrx_word' id='word_1_247' title='bbox 296 1541 390 1581; x_wconf 83' lang='lat' dir='ltr'>intra</span> <span class='ocrx_word' id='word_1_248' title='bbox 411 1542 494 1580; x_wconf 83' lang='lat' dir='ltr'>anni</span> <span class='ocrx_word' id='word_1_249' title='bbox 527 1541 567 1580; x_wconf 73' lang='grc' dir='ltr'>δε</span> <span class='ocrx_word' id='word_1_250' title='bbox 594 1540 656 1582; x_wconf 83' lang='lat' dir='ltr'>sex</span> <span class='ocrx_word' id='word_1_251' title='bbox 688 1540 866 1582; x_wconf 76' lang='lat' dir='ltr'>mensium</span> <span class='ocrx_word' id='word_1_252' title='bbox 895 1539 1094 1594; x_wconf 78' lang='lat' dir='ltr'>redegerat</span> <span class='ocrx_word' id='word_1_253' title='bbox 1120 1542 1277 1595; x_wconf 82' lang='lat' dir='ltr'>spatium</span> <span class='ocrx_word' id='word_1_254' title='bbox 1300 1573 1313 1593; x_wconf 89' lang='lat'>,</span> 
     </span>
     <span class='ocr_line' id='line_1_29' title="bbox 93 1594 676 1648; baseline 0 -12"><span class='ocrx_word' id='word_1_255' title='bbox 93 1595 199 1636; x_wconf 86' lang='lat' dir='ltr'>omni</span> <span class='ocrx_word' id='word_1_256' title='bbox 223 1594 431 1648; x_wconf 69' lang='lat' dir='ltr'>ignominia</span> <span class='ocrx_word' id='word_1_257' title='bbox 451 1594 586 1644; x_wconf 83' lang='lat' dir='ltr'>afficit,</span> <span class='ocrx_word' id='word_1_258' title='bbox 608 1606 676 1644; x_wconf 85' lang='lat'>24.</span> 
     </span>
    </p>

    <p class='ocr_par' dir='ltr' id='par_1_12' title="bbox 44 1647 1316 1702">
     <span class='ocr_line' id='line_1_30' title="bbox 44 1647 1316 1702; baseline 0 -11"><span class='ocrx_word' id='word_1_259' title='bbox 44 1649 120 1692; x_wconf 84' lang='lat' dir='ltr'>Cn.</span> <span class='ocrx_word' id='word_1_260' title='bbox 143 1649 340 1690; x_wconf 84' lang='lat' dir='ltr'>Genucius</span> <span class='ocrx_word' id='word_1_261' title='bbox 356 1679 366 1694; x_wconf 81' lang='lat'>‚</span> <span class='ocrx_word' id='word_1_262' title='bbox 397 1649 568 1702; x_wconf 85' lang='lat' dir='ltr'>plebeius</span> <span class='ocrx_word' id='word_1_263' title='bbox 588 1681 599 1699; x_wconf 88' lang='lat'>,</span> <span class='ocrx_word' id='word_1_264' title='bbox 624 1648 710 1690; x_wconf 80' lang='lat' dir='ltr'>trib.</span> <span class='ocrx_word' id='word_1_265' title='bbox 742 1648 816 1688; x_wconf 90' lang='lat' dir='ltr'>mil.</span> <span class='ocrx_word' id='word_1_266' title='bbox 842 1647 944 1690; x_wconf 84' lang='lat' dir='ltr'>cons.</span> <span class='ocrx_word' id='word_1_267' title='bbox 977 1657 1061 1701; x_wconf 84' lang='lat' dir='ltr'>pot.</span> <span class='ocrx_word' id='word_1_268' title='bbox 1078 1648 1136 1700; x_wconf 92' lang='lat' dir='ltr'>V,</span> <span class='ocrx_word' id='word_1_269' title='bbox 1163 1659 1224 1702; x_wconf 87' lang='lat'>13.</span> <span class='ocrx_word' id='word_1_270' title='bbox 1249 1649 1316 1691; x_wconf 87' lang='lat' dir='ltr'>ite·</span> 
     </span>
    </p>
   </div>
   <div class='ocr_carea' id='block_1_3' title="bbox 49 1701 1317 1811">
    <p class='ocr_par' dir='ltr' id='par_1_13' title="bbox 49 1701 1317 1811">
     <span class='ocr_line' id='line_1_31' title="bbox 93 1701 1317 1758; baseline 0.001 -14"><span class='ocrx_word' id='word_1_271' title='bbox 93 1708 179 1745; x_wconf 78' lang='lat' dir='ltr'>rum</span> <span class='ocrx_word' id='word_1_272' title='bbox 205 1702 291 1744; x_wconf 86' lang='lat' dir='ltr'>trib.</span> <span class='ocrx_word' id='word_1_273' title='bbox 334 1702 410 1743; x_wconf 86' lang='lat' dir='ltr'>mil.</span> <span class='ocrx_word' id='word_1_274' title='bbox 453 1703 514 1742; x_wconf 75' lang='lat'>18.</span> <span class='ocrx_word' id='word_1_275' title='bbox 543 1703 798 1756; x_wconf 57' lang='lat' dir='ltr'>precipitatus</span> <span class='ocrx_word' id='word_1_276' title='bbox 830 1703 866 1743; x_wconf 89' lang='lat' dir='ltr'>in</span> <span class='ocrx_word' id='word_1_277' title='bbox 902 1701 1046 1744; x_wconf 70' lang='lat' dir='ltr'>insidias</span> <span class='ocrx_word' id='word_1_278' title='bbox 1097 1712 1183 1745; x_wconf 86' lang='lat' dir='ltr'>ante</span> <span class='ocrx_word' id='word_1_279' title='bbox 1218 1703 1317 1758; x_wconf 78' lang='lat' dir='ltr'>signa</span> 
     </span>
     <span class='ocr_line' id='line_1_32' title="bbox 49 1756 704 1811; baseline 0 -12"><span class='ocrx_word' id='word_1_280' title='bbox 49 1766 54 1767; x_wconf 51' lang='lat'><em>⁷</em></span> <span class='ocrx_word' id='word_1_281' title='bbox 95 1758 193 1799; x_wconf 85' lang='lat' dir='ltr'>inter</span> <span class='ocrx_word' id='word_1_282' title='bbox 217 1757 406 1811; x_wconf 85' lang='lat' dir='ltr'>primores</span> <span class='ocrx_word' id='word_1_283' title='bbox 442 1756 572 1807; x_wconf 78' lang='lat' dir='ltr'>cadit,</span> <span class='ocrx_word' id='word_1_284' title='bbox 607 1758 704 1799; x_wconf 72' lang='lat' dir='ltr'>ibid.</span> 
     </span>
    </p>
   </div>
   <div class='ocr_carea' id='block_1_4' title="bbox 659 1864 712 1906">
    <p class='ocr_par' dir='ltr' id='par_1_14' title="bbox 659 1864 712 1906">
     <span class='ocr_line' id='line_1_33' title="bbox 659 1864 712 1906; baseline -0.019 0"><span class='ocrx_word' id='word_1_285' title='bbox 659 1864 712 1906; x_wconf 89' lang='lat' dir='ltr'>H.</span> 
     </span>
    </p>
   </div>
   <div class='ocr_carea' id='block_1_5' title="bbox 0 1922 1328 2679">
    <p class='ocr_par' dir='ltr' id='par_1_15' title="bbox 47 1922 1320 2029">
     <span class='ocr_line' id='line_1_34' title="bbox 558 1943 583 1965; baseline 0 -4"><span class='ocrx_word' id='word_1_286' title='bbox 558 1943 583 1965; x_wconf 50' lang='grc' dir='ltr'>ἢ</span> 
     </span>
     <span class='ocr_line' id='line_1_35' title="bbox 47 1922 1320 2029; baseline 0.002 -15"><span class='ocrx_word' id='word_1_287' title='bbox 47 1922 144 2014; x_wconf 80' lang='lat' dir='ltr'>H</span> <span class='ocrx_word' id='word_1_288' title='bbox 163 1983 194 2014; x_wconf 78' lang='lat' dir='ltr'><strong>A</strong></span> <span class='ocrx_word' id='word_1_289' title='bbox 211 1984 233 2014; x_wconf 87' lang='lat' dir='ltr'>s</span> <span class='ocrx_word' id='word_1_290' title='bbox 251 1984 332 2015; x_wconf 77' lang='lat' dir='ltr'>&#39;1&#39;AE</span> <span class='ocrx_word' id='word_1_291' title='bbox 352 1973 519 2014; x_wconf 82' lang='lat' dir='ltr'>immiffio</span> <span class='ocrx_word' id='word_1_292' title='bbox 536 1973 574 2014; x_wconf 81' lang='lat' dir='ltr'>in</span> <span class='ocrx_word' id='word_1_293' title='bbox 603 1972 697 2015; x_wconf 77' lang='lat' dir='ltr'>fines</span> <span class='ocrx_word' id='word_1_294' title='bbox 717 1985 851 2017; x_wconf 84' lang='lat' dir='ltr'>eorum</span> <span class='ocrx_word' id='word_1_295' title='bbox 872 2006 882 2025; x_wconf 92' lang='lat'>‚</span> <span class='ocrx_word' id='word_1_296' title='bbox 903 1973 1003 2016; x_wconf 84' lang='lat' dir='ltr'>unde</span> <span class='ocrx_word' id='word_1_297' title='bbox 1030 1986 1090 2016; x_wconf 89' lang='lat' dir='ltr'>res</span> <span class='ocrx_word' id='word_1_298' title='bbox 1120 1975 1286 2029; x_wconf 67' lang='lat' dir='ltr'>repetitae</span> <span class='ocrx_word' id='word_1_299' title='bbox 1307 2006 1320 2027; x_wconf 92' lang='lat'>,</span> 
     </span>
    </p>

    <p class='ocr_par' dir='ltr' id='par_1_16' title="bbox 0 2027 681 2080">
     <span class='ocr_line' id='line_1_36' title="bbox 0 2027 681 2080; baseline -0.003 -11"><span class='ocrx_word' id='word_1_300' title='bbox 0 2032 1 2036; x_wconf 78' lang='grc'>’</span> <span class='ocrx_word' id='word_1_301' title='bbox 101 2028 193 2069; x_wconf 79' lang='lat' dir='ltr'>ritus</span> <span class='ocrx_word' id='word_1_302' title='bbox 211 2027 506 2077; x_wconf 72' lang='lat' dir='ltr'>indicendibelli</span> <span class='ocrx_word' id='word_1_303' title='bbox 524 2060 533 2076; x_wconf 83' lang='lat'><strong>‚</strong></span> <span class='ocrx_word' id='word_1_304' title='bbox 551 2027 592 2072; x_wconf 87' lang='lat' dir='ltr'>l,</span> <span class='ocrx_word' id='word_1_305' title='bbox 614 2038 681 2080; x_wconf 74' lang='lat'>32.</span> 
     </span>
    </p>

    <p class='ocr_par' dir='ltr' id='par_1_17' title="bbox 42 2080 1322 2242">
     <span class='ocr_line' id='line_1_37' title="bbox 42 2080 1322 2137; baseline 0.002 -15"><span class='ocrx_word' id='word_1_306' title='bbox 42 2080 234 2124; x_wconf 81' lang='lat' dir='ltr'>Hercules</span> <span class='ocrx_word' id='word_1_307' title='bbox 254 2083 360 2124; x_wconf 83' lang='lat' dir='ltr'>venit</span> <span class='ocrx_word' id='word_1_308' title='bbox 378 2084 416 2122; x_wconf 92' lang='lat' dir='ltr'>in</span> <span class='ocrx_word' id='word_1_309' title='bbox 435 2082 602 2129; x_wconf 83' lang='lat' dir='ltr'>Latium,</span> <span class='ocrx_word' id='word_1_310' title='bbox 625 2081 665 2126; x_wconf 81' lang='lat' dir='ltr'>l,</span> <span class='ocrx_word' id='word_1_311' title='bbox 683 2096 723 2133; x_wconf 88' lang='lat'>7.</span> <span class='ocrx_word' id='word_1_312' title='bbox 744 2082 824 2132; x_wconf 75' lang='lat' dir='ltr'>eius</span> <span class='ocrx_word' id='word_1_313' title='bbox 844 2095 930 2124; x_wconf 88' lang='lat' dir='ltr'>cnm</span> <span class='ocrx_word' id='word_1_314' title='bbox 950 2081 1130 2124; x_wconf 83' lang='lat' dir='ltr'>Evandro</span> <span class='ocrx_word' id='word_1_315' title='bbox 1147 2082 1232 2137; x_wconf 80' lang='lat' dir='ltr'>post</span> <span class='ocrx_word' id='word_1_316' title='bbox 1249 2082 1322 2124; x_wconf 80' lang='lat' dir='ltr'>Ca·</span> 
     </span>
     <span class='ocr_line' id='line_1_38' title="bbox 104 2135 1322 2190; baseline 0.001 -14"><span class='ocrx_word' id='word_1_317' title='bbox 104 2149 191 2177; x_wconf 89' lang='lat' dir='ltr'>cum</span> <span class='ocrx_word' id='word_1_318' title='bbox 214 2135 447 2178; x_wconf 59' lang='lat' dir='ltr'>interfeffilum</span> <span class='ocrx_word' id='word_1_319' title='bbox 469 2136 682 2189; x_wconf 77' lang='lat' dir='ltr'>congressus</span> <span class='ocrx_word' id='word_1_320' title='bbox 699 2167 709 2185; x_wconf 89' lang='lat'>,</span> <span class='ocrx_word' id='word_1_321' title='bbox 728 2136 824 2179; x_wconf 73' lang='lat' dir='ltr'><em>ibid.</em></span> <span class='ocrx_word' id='word_1_322' title='bbox 851 2139 886 2178; x_wconf 81' lang='lat' dir='ltr'>in</span> <span class='ocrx_word' id='word_1_323' title='bbox 911 2137 991 2190; x_wconf 77' lang='lat' dir='ltr'>ejus</span> <span class='ocrx_word' id='word_1_324' title='bbox 1009 2139 1196 2179; x_wconf 72' lang='lat' dir='ltr'>honorem</span> <span class='ocrx_word' id='word_1_325' title='bbox 1215 2138 1322 2179; x_wconf 63' lang='lat' dir='ltr'>leiti-</span> 
     </span>
     <span class='ocr_line' id='line_1_39' title="bbox 103 2189 696 2242; baseline 0.002 -12"><span class='ocrx_word' id='word_1_326' title='bbox 103 2189 282 2232; x_wconf 79' lang='lat' dir='ltr'>sternium</span> <span class='ocrx_word' id='word_1_327' title='bbox 312 2190 481 2231; x_wconf 81' lang='lat' dir='ltr'>habitum</span> <span class='ocrx_word' id='word_1_328' title='bbox 499 2222 510 2239; x_wconf 87' lang='lat'>‚</span> <span class='ocrx_word' id='word_1_329' title='bbox 544 2190 607 2239; x_wconf 82' lang='lat' dir='ltr'>V,</span> <span class='ocrx_word' id='word_1_330' title='bbox 634 2201 696 2242; x_wconf 85' lang='lat'>13.</span> 
     </span>
    </p>

    <p class='ocr_par' dir='ltr' id='par_1_18' title="bbox 48 2243 1325 2299">
     <span class='ocr_line' id='line_1_40' title="bbox 48 2243 1325 2299; baseline 0 -13"><span class='ocrx_word' id='word_1_331' title='bbox 48 2244 126 2298; x_wconf 88' lang='lat' dir='ltr'>Ap.</span> <span class='ocrx_word' id='word_1_332' title='bbox 146 2244 365 2286; x_wconf 85' lang='lat' dir='ltr'>Herdonius</span> <span class='ocrx_word' id='word_1_333' title='bbox 385 2244 544 2285; x_wconf 77' lang='lat' dir='ltr'>Sabinus</span> <span class='ocrx_word' id='word_1_334' title='bbox 565 2256 651 2285; x_wconf 89' lang='lat' dir='ltr'>cum</span> <span class='ocrx_word' id='word_1_335' title='bbox 674 2243 858 2285; x_wconf 81' lang='lat' dir='ltr'>exsulibus</span> <span class='ocrx_word' id='word_1_336' title='bbox 878 2245 919 2285; x_wconf 69' lang='lat' dir='ltr'>&lt;Sc</span> <span class='ocrx_word' id='word_1_337' title='bbox 949 2245 1064 2286; x_wconf 85' lang='lat' dir='ltr'>servis</span> <span class='ocrx_word' id='word_1_338' title='bbox 1090 2244 1325 2299; x_wconf 82' lang='lat' dir='ltr'>Capitolium</span> 
     </span>
    </p>

    <p class='ocr_par' dir='ltr' id='par_1_19' title="bbox 22 2296 1057 2354">
     <span class='ocr_line' id='line_1_41' title="bbox 22 2296 1057 2354; baseline 0.001 -15"><span class='ocrx_word' id='word_1_339' title='bbox 22 2321 25 2325; x_wconf 93' lang='lat'><em>-</em></span> <span class='ocrx_word' id='word_1_340' title='bbox 106 2300 145 2339; x_wconf 72' lang='grc' dir='ltr'>ὃ(</span> <span class='ocrx_word' id='word_1_341' title='bbox 166 2298 292 2354; x_wconf 69' lang='lat' dir='ltr'>arcem</span> <span class='ocrx_word' id='word_1_342' title='bbox 315 2309 483 2353; x_wconf 84' lang='lat' dir='ltr'>occupat</span> <span class='ocrx_word' id='word_1_343' title='bbox 499 2326 513 2342; x_wconf 66' lang='lat'><em>1</em></span> <span class='ocrx_word' id='word_1_344' title='bbox 534 2296 586 2339; x_wconf 76' lang='lat'>111</span> <span class='ocrx_word' id='word_1_345' title='bbox 607 2331 617 2349; x_wconf 89' lang='lat'>,</span> <span class='ocrx_word' id='word_1_346' title='bbox 639 2309 702 2349; x_wconf 83' lang='lat'>15.</span> <span class='ocrx_word' id='word_1_347' title='bbox 724 2298 943 2340; x_wconf 76' lang='lat' dir='ltr'>interficitur</span> <span class='ocrx_word' id='word_1_348' title='bbox 960 2331 972 2350; x_wconf 83' lang='lat'>,</span> <span class='ocrx_word' id='word_1_349' title='bbox 996 2300 1057 2340; x_wconf 78' lang='lat'>18.</span> 
     </span>
    </p>

    <p class='ocr_par' dir='ltr' id='par_1_20' title="bbox 48 2350 1328 2461">
     <span class='ocr_line' id='line_1_42' title="bbox 48 2350 1328 2408; baseline 0 -14"><span class='ocrx_word' id='word_1_350' title='bbox 48 2352 169 2394; x_wconf 87' lang='lat' dir='ltr'>Turn.</span> <span class='ocrx_word' id='word_1_351' title='bbox 183 2350 415 2394; x_wconf 64' lang='lat' dir='ltr'>Herdonius</span> <span class='ocrx_word' id='word_1_352' title='bbox 434 2355 468 2393; x_wconf 91' lang='lat' dir='ltr'>in</span> <span class='ocrx_word' id='word_1_353' title='bbox 484 2352 731 2407; x_wconf 81' lang='lat' dir='ltr'>Tarquinium</span> <span class='ocrx_word' id='word_1_354' title='bbox 749 2354 935 2394; x_wconf 70' lang='lat' dir='ltr'>invehitur</span> <span class='ocrx_word' id='word_1_355' title='bbox 951 2382 963 2398; x_wconf 90' lang='lat'><strong><em>,</em></strong></span> <span class='ocrx_word' id='word_1_356' title='bbox 985 2352 1001 2393; x_wconf 78' lang='lat'>1</span> <span class='ocrx_word' id='word_1_357' title='bbox 1020 2385 1031 2404; x_wconf 91' lang='lat'>,</span> <span class='ocrx_word' id='word_1_358' title='bbox 1059 2365 1123 2404; x_wconf 86' lang='lat'>50.</span> <span class='ocrx_word' id='word_1_359' title='bbox 1143 2355 1328 2408; x_wconf 80' lang='lat' dir='ltr'>opprimi-</span> 
     </span>
     <span class='ocr_line' id='line_1_43' title="bbox 106 2407 550 2461; baseline 0.002 -14"><span class='ocrx_word' id='word_1_360' title='bbox 106 2417 165 2450; x_wconf 83' lang='lat' dir='ltr'>tur</span> <span class='ocrx_word' id='word_1_361' title='bbox 182 2419 202 2448; x_wconf 92' lang='lat' dir='ltr'>a</span> <span class='ocrx_word' id='word_1_362' title='bbox 222 2407 431 2461; x_wconf 84' lang='lat' dir='ltr'>Tarquinio</span> <span class='ocrx_word' id='word_1_363' title='bbox 452 2436 462 2450; x_wconf 90' lang='lat'>‚</span> <span class='ocrx_word' id='word_1_364' title='bbox 487 2419 550 2460; x_wconf 80' lang='lat'>51.</span> 
     </span>
    </p>

    <p class='ocr_par' dir='ltr' id='par_1_21' title="bbox 29 2459 1326 2679">
     <span class='ocr_line' id='line_1_44' title="bbox 29 2459 1323 2516; baseline 0 -13"><span class='ocrx_word' id='word_1_365' title='bbox 29 2461 31 2463; x_wconf 71' lang='grc'>’</span> <span class='ocrx_word' id='word_1_366' title='bbox 51 2460 104 2503; x_wconf 89' lang='grc' dir='ltr'>Τ.</span> <span class='ocrx_word' id='word_1_367' title='bbox 125 2459 339 2502; x_wconf 70' lang='lat' dir='ltr'>Herminius</span> <span class='ocrx_word' id='word_1_368' title='bbox 358 2474 497 2516; x_wconf 80' lang='lat' dir='ltr'>genere</span> <span class='ocrx_word' id='word_1_369' title='bbox 515 2460 689 2516; x_wconf 57' lang='lat' dir='ltr'>fastisque</span> <span class='ocrx_word' id='word_1_370' title='bbox 709 2461 827 2503; x_wconf 83' lang='lat' dir='ltr'>clarus</span> <span class='ocrx_word' id='word_1_371' title='bbox 845 2493 856 2511; x_wconf 81' lang='lat'>,</span> <span class='ocrx_word' id='word_1_372' title='bbox 875 2473 959 2503; x_wconf 87' lang='lat' dir='ltr'>curn</span> <span class='ocrx_word' id='word_1_373' title='bbox 979 2460 1144 2502; x_wconf 78' lang='lat' dir='ltr'>Horatio</span> <span class='ocrx_word' id='word_1_374' title='bbox 1168 2461 1323 2503; x_wconf 72' lang='lat' dir='ltr'>Coclite</span> 
     </span>
     <span class='ocr_line' id='line_1_45' title="bbox 106 2514 1325 2569; baseline 0 -13"><span class='ocrx_word' id='word_1_375' title='bbox 106 2525 265 2568; x_wconf 85' lang='lat' dir='ltr'>pontem</span> <span class='ocrx_word' id='word_1_376' title='bbox 284 2515 477 2557; x_wconf 81' lang='lat' dir='ltr'>sublicium</span> <span class='ocrx_word' id='word_1_377' title='bbox 495 2528 694 2569; x_wconf 86' lang='lat' dir='ltr'>parumper</span> <span class='ocrx_word' id='word_1_378' title='bbox 713 2515 901 2562; x_wconf 71' lang='lat' dir='ltr'>defendit,</span> <span class='ocrx_word' id='word_1_379' title='bbox 922 2515 978 2563; x_wconf 81' lang='lat' dir='ltr'>ss,</span> <span class='ocrx_word' id='word_1_380' title='bbox 1002 2528 1065 2556; x_wconf 87' lang='lat'>10.</span> <span class='ocrx_word' id='word_1_381' title='bbox 1087 2514 1233 2557; x_wconf 78' lang='lat' dir='ltr'>strenue</span> <span class='ocrx_word' id='word_1_382' title='bbox 1254 2515 1325 2556; x_wconf 87' lang='lat' dir='ltr'>ad-</span> 
     </span>
     <span class='ocr_line' id='line_1_46' title="bbox 108 2569 1326 2622; baseline 0 -12"><span class='ocrx_word' id='word_1_383' title='bbox 108 2569 217 2622; x_wconf 75' lang='lat' dir='ltr'>juvat</span> <span class='ocrx_word' id='word_1_384' title='bbox 234 2569 432 2611; x_wconf 59' lang='lat' dir='ltr'>victoriam</span> <span class='ocrx_word' id='word_1_385' title='bbox 448 2570 526 2611; x_wconf 87' lang='lat' dir='ltr'>cos.</span> <span class='ocrx_word' id='word_1_386' title='bbox 547 2569 594 2610; x_wconf 80' lang='lat' dir='ltr'>(le</span> <span class='ocrx_word' id='word_1_387' title='bbox 617 2570 775 2611; x_wconf 72' lang='lat' dir='ltr'>Etruscis</span> <span class='ocrx_word' id='word_1_388' title='bbox 795 2602 806 2622; x_wconf 73' lang='lat'>,</span> <span class='ocrx_word' id='word_1_389' title='bbox 829 2583 891 2611; x_wconf 88' lang='lat'>11.</span> <span class='ocrx_word' id='word_1_390' title='bbox 912 2569 989 2612; x_wconf 87' lang='lat' dir='ltr'>cos.</span> <span class='ocrx_word' id='word_1_391' title='bbox 1008 2578 1090 2611; x_wconf 80' lang='lat' dir='ltr'>not.</span> <span class='ocrx_word' id='word_1_392' title='bbox 1113 2582 1129 2608; x_wconf 85' lang='lat'>1</span> <span class='ocrx_word' id='word_1_393' title='bbox 1150 2599 1163 2621; x_wconf 85' lang='lat'>,</span> <span class='ocrx_word' id='word_1_394' title='bbox 1183 2569 1229 2612; x_wconf 75' lang='lat' dir='ltr'>ad</span> <span class='ocrx_word' id='word_1_395' title='bbox 1261 2569 1326 2618; x_wconf 85' lang='lat' dir='ltr'>ll,</span> 
     </span>
     <span class='ocr_line' id='line_1_47' title="bbox 115 2623 1110 2679; baseline 0.001 -14"><span class='ocrx_word' id='word_1_396' title='bbox 115 2625 176 2666; x_wconf 81' lang='lat'>16.</span> <span class='ocrx_word' id='word_1_397' title='bbox 196 2624 386 2668; x_wconf 78' lang='lat' dir='ltr'>occiditur</span> <span class='ocrx_word' id='word_1_398' title='bbox 403 2625 438 2665; x_wconf 87' lang='lat' dir='ltr'>in</span> <span class='ocrx_word' id='word_1_399' title='bbox 458 2623 582 2679; x_wconf 66' lang='lat' dir='ltr'>pugna</span> <span class='ocrx_word' id='word_1_400' title='bbox 599 2623 645 2665; x_wconf 81' lang='lat' dir='ltr'>ad</span> <span class='ocrx_word' id='word_1_401' title='bbox 667 2624 852 2679; x_wconf 76' lang='lat' dir='ltr'>Regillum</span> <span class='ocrx_word' id='word_1_402' title='bbox 868 2624 1022 2671; x_wconf 78' lang='lat' dir='ltr'>lacum,</span> <span class='ocrx_word' id='word_1_403' title='bbox 1042 2636 1110 2666; x_wconf 88' lang='lat'>20.</span> 
     </span>
    </p>
   </div>
  </div>
 </body>
</html>
