1652 3083
268 98 367 152 344
519 90 851 155 INDEX
918 107 1302 174 RERUM.

329 153 593 203 Crustuminos
612 168 729 209 vincit
744 199 756 219 ,
782 183 842 215 11.
864 176 899 217 in
917 182 1040 233 pugnfi
1066 196 1151 225 cum
1172 187 1326 232 Sabinis
1347 191 1550 241 Romanos

325 205 513 263 fugientes
531 217 696 262 relistere
711 221 818 274 jubet
833 256 846 273 ,
867 231 908 272 ὅ(
928 232 1018 276 Jovi
1035 235 1174 281 Statori
1195 245 1376 299 templum
1399 262 1544 304 vovet,

328 273 393 304 12.
412 277 547 318 pacem
568 272 633 314 init
651 287 736 318 cum
766 280 914 326 Sabinis
931 318 943 334 ‚
963 288 1005 329 ὅ(
1037 294 1217 345 populum
1247 298 1284 339 in
1315 303 1461 357 triginta
1480 318 1545 348 cu·

323 315 399 358 rias
423 320 588 375 dividit,
616 339 680 382 13.
700 331 896 379 Fidenates
924 340 1067 394 fundit,
1092 358 1154 398 14.
1189 349 1372 399 Veientes
1406 358 1545 410 caedit,

327 383 343 410 1
357 384 392 421 5.
413 383 608 423 trecentos
625 396 791 430 armatos
817 391 863 432 ad
894 395 1104 440 custodiam
1125 405 1319 458 corpOri5‚
1341 424 1440 466 quos
1461 415 1544 456 Ce-

319 423 421 468 leres
457 434 686 486 appellavit,
715 440 832 495 legit,
857 447 953 491 ibid.
990 451 1070 503 ejus
1107 468 1212 500 mors
1233 490 1245 509 ‚
1281 463 1346 505 16.
1378 468 1544 513 creditur

321 477 430 522 Deus
447 515 458 534 ‚
475 486 570 531 ibid.
592 491 733 546 septem
759 498 799 538 δ(
822 501 968 554 triginta
991 511 1165 561 regnavit
1182 524 1303 558 annos
1321 549 1332 568 ,
1354 532 1425 566 21.

249 530 452 579 Romulus
472 539 560 584 Deo
579 558 784 601 prognatus
800 585 811 602 ,
833 553 938 598 Deus
958 559 1033 611 ipse
1052 596 1058 610 .
1079 563 1117 615 1,
1138 567 1304 621 40.1V‚
1327 585 1393 625 15.

262 583 307 629 L.
328 587 485 636 Roscius
503 627 514 645 ,
533 596 676 653 legatus
707 603 824 649 Rom.
852 608 940 659 juffu
962 612 1156 660 Tolumnii
1183 622 1406 672 interficitur
1422 661 1434 684 ‚
1453 629 1511 676 IV
1529 662 1543 685 ,

321 655 371 695 17
404 649 438 688 ei
456 648 572 692 statua
592 654 745 706 publice
763 663 796 701 in
816 661 960 707 Rostris
979 670 1098 722 posita
1114 704 1126 723 ,
1144 675 1241 720 ibid.

261 692 414 748 Rutuli,
434 701 448 742 I
465 731 476 747 ,
498 717 534 746 2.
555 718 689 751 eorum
710 724 777 755 rex
795 715 946 762 Turnus
961 753 972 768 ,
989 724 1086 770 ibid.
1105 727 1153 769 ab
1168 730 1295 775 AEnea
1311 734 1538 794 vincuntur,

314 752 408 795 ibid.
430 758 653 814 confugiunt
669 765 714 807 ad
734 767 970 817 Mezentium
1001 791 1131 835 regem
1149 785 1395 834 Etruscorum
1410 820 1425 845 ‚
1440 794 1542 842 ibid.

312 805 357 848 iis
376 807 517 854 bellum
532 814 644 859 insert
659 818 886 878 Tarquinius
902 830 1119 887 Superbus,
1141 850 1208 893 57.

990 1082 1001 1100 ‚
1058 1083 1068 1103 ‚
1088 1063 1131 1105 9.
1161 1054 1341 1103 dirimunt
1369 1063 1537 1117 praelium

304 1077 401 1139 inter
432 1081 632 1153 Romanos
661 1093 702 1135 &
734 1095 896 1142 Sabinos
917 1134 928 1154 ,
969 1116 1033 1158 13.
1054 1119 1190 1153 eorum
1219 1116 1375 1159 nomina
1409 1119 1533 1164 Curiis

1518 1529 1531 1544 0

293 1525 433 1569 pacem
454 1533 587 1566 creato
612 1526 743 1571 Rom-e
765 1531 948 1579 dtttatore
969 1570 979 1587 ‚
1001 1552 1158 1595 petunt,
1193 1547 1258 1591 18.
1286 1550 1449 1596 Sabinus
1467 1565 1528 1599 tu-

293 1571 415 1614 mulus
438 1604 448 1619 ‚
480 1578 545 1619 26.
567 1580 702 1625 iterum
721 1585 864 1630 bellum
890 1604 1052 1646 parant,
1084 1610 1150 1650 31.
1169 1602 1403 1654 vincuntur,
1429 1611 1528 1657 ibid.

294 1636 398 1667 arma
419 1627 574 1685 jungunt
591 1635 818 1684 Veientibus
840 1656 973 1689 contra
996 1649 1113 1693 Rom.
1135 1653 1197 1696 sed
1216 1659 1411 1704 caeduntur
1426 1694 1438 1713 ‚
1463 1678 1527 1720 53.

293 1679 411 1736 usque
438 1685 483 1727 nd
506 1699 633 1740 portas
662 1693 764 1736 urbis
798 1701 1022 1753 populantes
1045 1706 1249 1756 incedunt,
1270 1713 1337 1767 63.
1371 1717 1464 1762 Vid.
1488 1722 1526 1762 ὃ·

294 1733 362 1784 64.
397 1736 536 1782 bellum
564 1744 723 1789 inferunt
750 1749 868 1796 Rom.
900 1755 952 1797 ΙΙΙ
973 1788 983 1805 ,
1003 1759 1055 1801 26
1075 1791 1084 1809 ,
1110 1773 1174 1813 30.
1202 1777 1251 1818 pu
1281 1780 1326 1810 na
1348 1783 1435 1813 cum
1466 1774 1528 1817 iis-

293 1787 413 1887 {lbeinjj
438 1793 504 1838 62.
538 1799 737 1845 vincuntur
757 1818 778 1847 a
807 1806 926 1854 Rom.
954 1811 1021 1865 63.
1047 1827 1183 1860 eorum
1201 1823 1261 1863 cal
1280 1835 1320 1866 ra
1343 1823 1522 1884 direpta,

238 1896 402 1992 Snlfsinns
424 1901 568 1999 bgwem
595 1909 702 2002 lmirae
731 1916 997 1970 magnitudinis
1026 1920 1074 1966 ad
1103 1924 1238 1970 Dianoe
1259 1930 1524 1994 Aventinensts

307 1964 420 1996 anum
469 1971 570 2005 uctt,
621 1995 631 2012 ‚
653 1978 720 2017 45.

237 2004 365 2048 Sabini
384 2010 541 2060 juvenes
564 2015 697 2060 Romre
716 2021 839 2067 scorta
857 2039 926 2081 per
946 2028 1058 2074 ludos
1078 2036 1253 2088 rapiunt,
1275 2039 1335 2091 ΙΙ,
1360 2044 1423 2087 18.
1494 2096 1496 2098 ,

234 2059 356 2104 Salios
391 2064 599 2112 duodecim
629 2074 743 2117 Maru
780 2080 958 2126 Gradivo
996 2086 1087 2142 legit
1118 2090 1245 2134 Numa
1278 2094 1513 2155 Pompilius,

291 2115 307 2157 l
330 2149 341 2166 ‚
370 2133 436 2161 20.
468 2122 674 2169 duodecun
711 2131 833 2176 Salios
868 2151 993 2183 vovet
1018 2142 1153 2187 Tullus
1170 2176 1182 2193 ,
1206 2150 1269 2204 qui
1286 2153 1482 2208 Agonales
1500 2187 1514 2208 ,

288 2170 366 2213 five
390 2176 538 2217 Co‘lini
558 2179 642 2223 disti
661 2183 763 2236 sunt,
788 2204 854 2242 27.

232 2221 277 2266 P.
300 2225 471 2281 Scaptius
489 2233 660 2278 hortatur
675 2251 768 2294 pop.
789 2243 901 2287 Rom.
925 2258 965 2290 ut
993 2261 1012 2290 a
1043 2264 1150 2305 rum,
1178 2255 1228 2299 de
1262 2271 1339 2355 tino
1361 2262 1407 2305 iis
1432 2274 1516 2309 erat

290 2279 388 2323 inter
406 2283 593 2331 Ardeates
614 2291 654 2333 ‹Sc
679 2294 856 2340 Aricinos
873 2329 884 2345 ‚
904 2301 967 2344 srbi
986 2316 1007 2345 a
1037 2306 1210 2359 judicet,
1234 2311 1268 2354 11
1302 2346 1313 2367 ,
1332 2328 1402 2368 71.

232 2330 448 2379 Sceleratus
469 2341 605 2394 vicus,
626 2348 726 2390 unde
745 2351 861 2396 dzttus
882 2387 891 2403 ‚
912 2355 954 2403 1,
974 2360 1043 2410 48.

229 2386 455 2433 Scottorum
474 2405 599 2491 raptus
617 2398 756 2444 bellum
777 2411 965 2459 excitans,
986 2413 1019 2456 11
1039 2444 1049 2458 ,
1073 2417 1135 2461 18.

230 2439 358 2486 Scriba
380 2479 389 2494 ,
409 2451 487 2501 pari
522 2464 586 2548 este
619 2466 754 2501 ornatu
784 2474 872 2505 cum
900 2478 990 2521 rege
1009 2467 1230 2522 Porsenna,
1258 2489 1330 2532 pro
1359 2491 1410 2525 eo
1438 2481 1511 2525 ob-

284 2507 504 2549 truncatur.
584 2539 593 2557 ,
629 2523 692 2553 12.

227 2549 390 2596 Seceffio
411 2558 529 2609 plebis
549 2563 582 2602 in
602 2575 771 2610 montem
795 2569 948 2615 Sacrum
968 2606 979 2626 ,
1004 2577 1066 2628 11,
1104 2592 1152 2634 32
1168 2611 1180 2628 ,
1201 2595 1268 2637 33.

337 2609 372 2648 in
403 2612 637 2660 Aventinum
656 2652 668 2673 ‚
700 2620 779 2678 111,
803 2640 854 2679 50
876 2661 887 2682 ,
918 2642 980 2685 5¹·
1014 2643 1128 2690 atque
1162 2640 1249 2684 inde
1279 2640 1317 2684 in
1348 2642 1505 2689 Sacrum

279 2671 479 2719 montem,
513 2682 580 2723 52·

1617 1510 1634 1677 mxx-⁷³5<-

1615 1997 1628 2021 ⁴4
1614 1723 1631 1985 „nawa-2³0»
1619 1699 1624 1710 v
