1704 3073
309 117 428 197 '398
595 117 1291 178 T1T1L1V11

109 212 435 268 U.c.331,turos
456 239 474 260 ,
507 202 636 267 apud
643 201 814 267 plebem
837 239 855 262 ,
879 220 962 269 pro
981 220 1071 267 qua
1091 201 1403 261 dimicaverit,
1431 199 1580 251 nihilo
1644 254 1646 256 ,

111 266 353 333 ².C.421·se
391 270 711 318 honoratiorem
734 268 835 335 fhre
859 288 880 329 ,·
917 288 1056 334 neque
1081 268 1350 335 sperandum
1378 308 1395 329 ,
1441 288 1583 335 neque

305 336 627 402 postulandum
656 336 751 402 ff.
796 340 1000 401 Magnos
1023 339 1201 384 animos
1232 341 1408 405 magnis
1442 339 1584 385 hono-

314 406 436 454 ribus
446 405 550 468 fieri
566 423 587 464 ;
618 404 648 453 6
673 406 887 453 neminem
898 402 949 467 se
961 404 1181 469 plebeium
1205 419 1551 472 contempturum
1566 441 1586 464 ,
1660 423 1662 425 ·

313 473 392 521 ubi
425 474 645 537 contemni
673 470 885 536 desiffint.
920 473 1256 538 Experiendam
1290 475 1585 538 rem'denique

313 540 364 589 in
398 558 488 587 uno
524 555 604 588 aut
625 540 761 587 altero
782 559 802 585 e
794 552 862 601 je
880 577 896 598 ,
923 540 1040 603 fitne
1074 540 1248 605 aliquis
1276 542 1482 607 plebeius
1509 537 1588 606 fe-

316 610 447 657 rendo
471 625 631 674 magno
667 609 860 656 honori:
893 625 954 654 an
980 623 1186 674 portento
1211 609 1361 672 simile
1393 612 1589 657 miracu-

316 677 448 740 loque
469 676 533 738 sit
553 712 570 732 ‚
592 672 756 739 fhrtem
783 693 837 722 ac
856 677 1082 741 strenuum
1111 678 1257 724 virum
1282 678 1478 741 aliquem
1513 693 1591 723 ex-

307 744 452 809 sistere
483 757 622 789 ortum
653 761 708 790 ex
733 743 877 808 plebe.
917 744 1104 792 Summa*
1126 746 1177 793 vi
1200 759 1506 810 expugnatum
1530 740 1591 806 efi

308 810 359 875 fe
376 848 393 868 ,
425 825 473 857 ut
515 811 682 857 tribuni
714 812 906 858 militum
937 809 1162 874 confitlari
1196 815 1408 877 potestate
1455 811 1499 860 ἃ
1535 829 1592 857 ex

310 878 442 946 plebe
482 892 737 926 crearentur.
793 875 958 940 Petiffe
1006 881 1129 927 viros
1165 880 1286 928 domi
1332 879 1593 944 militiaeque

308 943 564 1011 spellatos:
590 947 755 1010 primis
779 949 915 994 annis
938 944 1188 1012 sugillatos
1208 983 1224 1005 ,
1254 945 1449 1012 repulsos
1474 984 1492 1004 ,
1538 947 1596 994 ri-

309 1012 390 1078 fici
419 1014 636 1061 Patribus
655 1010 796 1079 fitiſj'e
827 1033 841 1063 .·
878 1013 1024 1078 desiffe
1054 1015 1270 1080 postremo
1308 1015 1492 1080 praebere
1530 1015 1595 1061 ad

318 1081 634 1129 contumeliam
657 1099 723 1130 os,
755 1079 913 1144 Necse
938 1083 1084 1130 videre
1111 1100 1190 1129 cur
1209 1100 1299 1130 non
1323 1082 1398 1130 l‘ex
1419 1099 1592 1146 quoque

319 1150 584 1216 abrogetur,
616 1149 707 1214 quei
738 1150 790 1196 id
806 1149 942 1197 liceat
969 1152 1091 1214 quod
1117 1168 1362 1215 numquam
1386 1149 1594 1214 futurum

309 1218 375 1282 fit
397 1235 418 1276 ,·
456 1218 665 1265 minorem
708 1218 872 1283 quippe
905 1219 1096 1265 ruborem
1116 1215 1218 1282 fhre
1261 1220 1309 1266 in
1341 1215 1465 1284 juris
1501 1218 1594 1264 ini-

321 1288 493 1353 quitate
511 1323 530 1344 ,
560 1285 694 1350 quum
717 1285 766 1349 si
790 1303 874 1351 per
908 1287 1222 1352 indignitatem
1260 1284 1451 1352 ipsorum
1475 1302 1596 1351 prae-

319 1367 551 1401 terenntur.

387 1418 630 1469 XXXVI.
647 1417 802 1484 Hujus
820 1422 1008 1488 generis
1031 1421 1274 1470 orationes
1293 1437 1401 1469 cum
1421 1417 1599 1468 assensu

320 1489 497 1538 auditae
543 1490 804 1537 incitavere
846 1489 1076 1555 quosdam
1112 1489 1170 1536 ad
1210 1488 1475 1555 petendum
1512 1488 1601 1536 tri-

318 1557 555 1606 bunatum
604 1558 809 1605 militum
846 1595 859 1617 ‚
909 1557 1049 1604 alium
1094 1557 1184 1604 alia
1229 1557 1289 1606 de
1325 1555 1599 1605 commodis

319 1625 480 1692 plebis
520 1625 722 1673 laturum
772 1624 816 1673 se
867 1626 914 1672 in
963 1623 1230 1691 magistratu
1273 1622 1602 1690 profitentem·

323 1693 447 1762 Agri
478 1694 655 1760 publici
689 1693 975 1751 dividendi,
1012 1693 1407 1758 coloniarumque
1438 1691 1600 1740 dedu-

323 1763 586 1812 cendarum
611 1760 854 1810 ostentatae
882 1760 986 1826 spes
1007 1798 1021 1821 ‚
1053 1761 1103 1809 ὅ(
1130 1798 1144 1820 ‚
1177 1760 1400 1827 veffigali
1428 1756 1604 1825 posses-

325 1831 510 1881 soribus
549 1846 774 1896 agrorum
808 1828 1035 1895 imposito
1059 1865 1072 1886 ‚
1110 1830 1157 1875 in
1183 1827 1470 1894 stipendium
1503 1826 1605 1876 mi-

327 1898 466 1950 litum
497 1898 727 1964 erogandi
764 1899 883 1945 aeris.
915 1895 1178 1962 Captatum
1213 1896 1388 1945 deinde
1411 1910 1604 1961 tempus

327 1968 388 2018 ab
408 1967 607 2016 tribunis
637 1966 842 2014 militum
866 2002 881 2024 ‚
919 1983 1015 2029 quo
1045 1981 1130 2030 per
1162 1963 1408 2012 discessum
1441 1964 1605 2013 homi-
1646 1975 1652 1980 ’

329 2054 446 2085 num
477 2035 536 2084 ab
561 2034 679 2082 urbe
698 2072 712 2094 ‚
747 2051 891 2099 quum
917 2032 1081 2081 Patres
1106 2030 1396 2082 clandestina&
1418 2031 1604 2081 denun-

332 2105 535 2153 tiatione
562 2103 775 2152 revocati
805 2101 865 2150 ad
887 2101 1017 2150 diem
1041 2117 1224 2151 certam
1247 2099 1394 2150 essent
1420 2136 1435 2160 ,
1468 2098 1609 2148 sena·

329 2171 674 2221 tusconsultum
707 2169 843 2218 fieret
878 2167 1148 2219 absentibus
1181 2169 1380 2218 tribunis
1411 2165 1606 2233 plebis:
1666 2189 1670 2194 ’

332 2253 421 2297 ut,
462 2241 689 2306 quoniam
741 2237 948 2286 Volscos
991 2240 1041 2285 in
1089 2237 1411 2287 Hernicorum
1467 2251 1610 2302 agros
1671 2296 1674 2299 Ι

333 2308 600 2375 praedatum
638 2303 776 2355 exiffe
806 2305 931 2354 fama
965 2304 1107 2365 esset,
1145 2305 1204 2352 ad
1227 2321 1327 2354 rem
1355 2302 1612 2369 inspicien-
1648 2307 1650 2310 ’

334 2376 446 2424 dam
490 2375 663 2423 tribuni
700 2375 904 2422 militum
944 2371 1356 2437 proficiscerentur
1379 2410 1393 2431 ‚
1438 2370 1612 2420 consu·

335 2444 548 2509 lariaque
589 2443 783 2491 comitia
811 2442 1115 2491 haberentur.
1152 2440 1359 2489 Profeffl
1392 2438 1610 2506 Appium

399 2539 425 2579 6
456 2538 691 2592 Neminem]
731 2537 942 2577 Neminem
1007 2549 1091 2576 rum
1124 2536 1254 2575 animo
1274 2563 1286 2581 ,
1314 2534 1509 2589 simagnis
1534 2534 1613 2576 ho·
1649 2524 1655 2572 ζ

336 2600 539 2655 plebeium
559 2599 713 2652 abjeaeste
731 2599 778 2638 de
800 2599 836 2638 se
859 2598 943 2651 ipso
1008 2597 1170 2640 noribus
1197 2611 1338 2640 eorum
1358 2596 1616 2654 erigerentut
1650 2617 1661 2630 ·<

337 2662 564 2710 sensurum,
595 2663 637 2706 &
658 2661 798 2718 pusillo
832 2659 946 2703 futu·
1006 2659 1141 2704 animi.
