1643 3078
546 9 566 17 ν

19 143 43 154 ῃ,
241 139 244 143 ,
412 86 771 148 LIBER
869 97 1003 154 IV.
1214 105 1327 179 369

55 160 272 212 habitum
311 168 617 216 centuriones
652 183 845 221 veteres
887 175 999 225 belli
1031 180 1173 245 periri
1199 184 1332 248 adje-

57 229 117 276 &i
148 245 159 277 τ
191 230 241 279 &
270 248 494 282 numerus
524 233 791 286 amissorum
815 245 1033 304 proxima
1063 251 1224 315 pugn&
1244 269 1331 301 ex-

29 335 32 337 .
56 342 59 343 ⁷
93 297 232 347 letus.
253 297 462 367 Legatos
489 300 746 367 Quintium
773 305 1107 373 Capitolinum
1128 352 1143 373 ‚
1175 319 1226 366 &
1256 319 1334 372 M.

52 314 255 414 Fabium
296 367 593 418 Vibulanum
650 372 782 440 sequi
834 375 881 425 se
944 377 1144 429 diciator
1188 383 1335 447 juffit.

19 456 22 457 ⁷
55 429 86 480 8
112 429 285 496 Quum
308 435 517 502 potestas
552 437 710 504 major
735 479 749 501 ,
776 455 880 507 tum
916 446 991 493 vir
1030 464 1225 514 quoque
1249 471 1338 517 po..

34 542 37 543 γ
56 498 208 548 testati
230 519 314 568 par
335 540 350 564 ‚
378 504 535 555 hostes
563 524 620 556 ex
643 525 758 575 agro
779 509 1008 562 Romano
1038 529 1166 564 trans
1184 519 1339 569 Anie-

8 560 171 616 '.nem
201 568 488 622 submovere
506 610 523 633 ,
557 588 589 639 9
625 576 866 643 collesque
888 582 1011 630 inter
1036 580 1237 634 Fidenas
1257 602 1337 636 at·-

53 650 150 700 que
171 635 415 688 Anienem
440 657 700 707 ceperunt,
725 645 989 697 referentes
1017 650 1164 701 castra
1196 670 1207 700 ι
1242 671 1333 705 nec

53 703 165 750 ante
186 706 245 751 ‘in‘
271 723 471 774 campos
495 708 697 775 degreffi
725 713 828 762 sunt
850 751 865 774 ,
891 715 1033 781 quern
1067 734 1084 766 1
1111 720 1333 788 legiones

48 763 225 830 auxilio
251 772 539 824 Faliscorum
563 793 817 828 venerunt.
857 780 988 831 Tum
1019 785 1216 836 demum
1246 808 1332 839 ca-

47 834 139 885 stra
168 836 479 890 Etruscorum
507 861 596 908 pro
635 848 879 898 moenibus
917 851 1203 905 Fidenarum
1238 876 1332 925 po-

50 901 170 952 fita:
196 906 247 956 &
276 908 481 959 diciator
499 911 748 963 Romanus
776 915 903 965 haud
932 923 1102 985 procul
1125 925 1235 974 inde
1267 926 1331 976 ad

52 972 359 1025 confluentes
398 977 616 1028 consedit
646 984 695 1029 in
720 983 956 1051 utriusque
993 990 1106 1054 ripis
1137 996 1290 1042 amnis
1313 1032 1332 1054 ,

54 1054 85 1087 2
110 1043 205 1106 quii
235 1042 367 1110 sequi
399 1049 704 1098 munimento
743 1065 960 1116 poterat,
992 1057 1121 1108 vallo
1171 1062 1330 1113 inter-

47 1107 209 1173 pofito
242 1128 256 1169 3
291 1110 485 1177 postero
524 1115 602 1164 die
634 1117 682 1164 in
720 1120 872 1168 aciem
905 1123 1088 1174 eduxit.

113 1174 305 1225 XVIII.
342 1177 473 1229 Inter
514 1181 674 1232 hostes
708 1184 842 1236 fuere
878 1193 1022 1238 variae
1060 1191 1325 1247 sententiae.

41 1238 244 1293 Faliscus
272 1248 438 1309 procul
460 1248 518 1296 ab
538 1250 690 1300 domo
717 1256 935 1304 militiam
955 1277 1079 1325 aegre
1101 1265 1288 1327 patiens
1306 1302 1322 1325 ,

40 1307 238 1377 satisque
275 1311 430 1363 fidens
463 1315 580 1377 fibi,
620 1319 817 1384 poscere
850 1342 1077 1391 pugnam.
1119 1330 1319 1382 Veienti

40 1375 359 1448 Fidenatique
399 1382 505 1449 plus
536 1384 635 1452 spei
678 1389 727 1438 in
772 1392 1009 1444 trahendo
1045 1397 1175 1447 bello
1213 1399 1328 1451 effe.

104 1501 128 1542 8
156 1500 283 1561 Quum
297 1506 470 1561 potestas
488 1509 645 1566 major]
713 1512 773 1555 nis
809 1517 1016 1559 meliorem
1065 1521 1125 1561 in'
1156 1523 1324 1566 formam

40 1560 141 1604 Haec
158 1566 423 1623 du0,nempe
439 1573 649 1624 potestatis
712 1577 932 1632 redigatur.
979 1583 1069 1622 Nec
1113 1584 1324 1629 offendere

43 1623 263 1668 distatoriae
282 1656 295 1675 ,
322 1643 409 1683 quae
439 1633 567 1687 major
594 1634 648 1675 est
712 1638 835 1679 debet
869 1655 1094 1694 pronomen
1127 1648 1325 1700 postposi-

1349 204 1535 258 U.c.318.

1348 261 1534 313 a.C-434.

41 1687 266 1736 consulari,
298 1699 462 1740 terror,
494 1696 534 1736 δε
565 1697 648 1735 vir-

39 1756 106 1789 tus
148 1748 279 1791 Mam.
327 1751 480 1794 AEmilii
527 1766 649 1799 tantae

38 1808 226 1861 potestati
254 1825 324 1866 par
343 1842 355 1860 ,
394 1815 546 1857 tantum
581 1820 648 1860 vel

41 1868 125 1909 sol&
152 1870 253 1912 fam&
272 1876 438 1926 valuere
458 1904 470 1925 ‚
502 1889 545 1920 ut
573 1880 648 1920 ho-

37 1929 115 1972 stes
160 1934 403 1977 recederent
446 1952 498 1979 ex
547 1953 645 1996 agro

36 1989 225 2035 Romano
264 2005 374 2038 trans
412 1999 645 2052 Anienem,

39 2052 84 2099 δι
112 2054 341 2098 referentes
373 2060 494 2101 castra
529 2089 539 2108 ‚
576 2077 645 2104 ce-

36 2115 173 2171 perint
193 2118 321 2160 colles
342 2119 446 2161 inter
473 2123 644 2166 Fidenas

8 2201 12 2205 ι
37 2185 158 2230 atque
188 2177 406 2220 Anienem.

6 2231 8 2233 ’
99 2249 126 2289 9
146 2237 378 2296 Collesque]
395 2243 643 2288 Doftiffimus

39 2293 276 2342 Perizonius
293 2303 508 2358 legendum
528 2319 644 2361 putat

37 2367 163 2409 colles
183 2370 247 2424 qui
269 2385 284 2417 3
303 2371 352 2412 τὸ
368 2371 430 2424 qui
450 2373 573 2413 refert
590 2375 642 2414 ad

36 2429 158 2479 hostes
170 2458 180 2477 ,
205 2433 268 2486 qui
285 2445 466 2487 ceperunt
485 2435 608 2474 colles
624 2448 636 2477 :

0 2516 2 2518 -
34 2489 91 2530 ita
131 2502 175 2532 ut
217 2492 320 2533 idem
352 2494 482 2534 sensus
515 2510 639 2537 rema·

37 2561 132 2592 neat
164 2567 280 2606 quem
306 2553 427 2595 modo
455 2557 640 2610 exposui-

37 2624 151 2659 mus,
184 2614 248 2654 sed
276 2615 462 2659 stru&ura
488 2619 635 2662 oratio-

112 2673 236 2724 Tom.
269 2675 313 2725 I.

710 1709 809 1740 tum.
852 1701 896 1741 Id
927 1705 1032 1744 enim
1069 1719 1151 1747 non
1184 1709 1319 1751 insoli-

711 1769 795 1800 tum
832 1762 963 1805 Livio.

779 1834 794 1862 1
833 1823 1064 1881 Legiones]
1114 1829 1318 1886 Legiones

711 1882 956 1926 Faliscorum
985 1902 1186 1933 venerunt
1204 1896 1320 1949 auxi-

709 1944 767 1986 lio
801 1946 1074 1991 Fidenatibus.

774 2024 797 2051 2
824 2012 917 2071 Qud*
929 2013 1068 2071 sequi]
1096 2019 1219 2062 Vallo
1254 2023 1315 2063 in-

707 2075 900 2126 terpofito
939 2079 977 2116 in
1009 2092 1060 2119 eo
1095 2082 1190 2122 loco
1212 2112 1223 2131 ,
1262 2086 1315 2125 ad

709 2146 824 2186 quem
886 2138 1008 2193 usque
1053 2140 1163 2198 sequi
1207 2146 1315 2199 ripas

707 2197 910 2252 utriusque
969 2203 1092 2243 amnis
1148 2217 1313 2258 poterat

705 2258 922 2301 muniendo
953 2262 1131 2306 &castra
1161 2279 1314 2308 metan-

706 2317 758 2357 do
793 2331 804 2365 3
846 2335 926 2376 quo
971 2324 1068 2378 ripae
1105 2329 1311 2384 utriusque

704 2380 828 2420 amnis
889 2397 970 2424 non
1016 2386 1068 2426 ita
1114 2389 1308 2446 diverge-

703 2440 825 2489 bant‚
858 2454 902 2485 ut
945 2460 1027 2486 non
1073 2450 1201 2502 poffet
1242 2453 1307 2493 se-

703 2502 876 2545 cundum
888 2519 956 2549 eas
985 2507 1107 2551 castra
1134 2523 1306 2567 proten-

701 2563 814 2609 dere·

1000 2685 1034 2738 S
