1653 3078
144 258 800 325 COMPENDIARIA
844 268 1290 338 EXPOSITIO

74 405 376 466 Ponderum
395 453 411 480 ‚
437 414 789 472 Pecchziarum
814 460 829 486 ‚
856 421 1226 496 Mensicrarum
1249 470 1265 497 9
1291 430 1351 484 de

160 490 342 563 quibus
367 497 561 551 mentio
582 501 728 571 apud
749 498 1004 559 LIVIUM
1031 508 1267 562 occurrit.

77 612 337 704 LIBRA
372 655 594 706 Romana
631 674 733 708 erat
771 661 1029 713 duodecim
1071 669 1355 732 unciarum,
1428 693 1503 734 DE

77 737 194 787 quas
229 724 276 770 in
312 724 427 772 libra
457 725 694 775 Parifienfi
730 747 1033 783 numeramus
1071 735 1294 794 sedecim.
1368 754 1559 795 Pomm.

143 786 240 836 Sed
257 793 392 838 uncia
405 791 627 842 Romana
647 796 938 862 aliquantum
959 800 1208 867 superabat
1227 824 1347 870 pon·
1367 827 1534 858 RIBUS.

76 852 194 904 dere
225 860 413 906 unciam
447 860 736 921 nostratem,
766 865 817 912 ὃ(
846 869 1001 930 potest
1031 872 1209 921 censeri
1241 892 1348 940 gra·
1396 877 1531 945 Librf‘·

76 923 150 970 nis
170 922 298 983 600,
335 928 490 992 qualia
519 930 611 989 576
647 933 782 979 uncia
821 932 1080 986 Parisoenfis
1115 945 1349 991 continet.
1399 939 1544 980 Uncm.

145 987 316 1058 Itaque
347 996 495 1042 unciae
518 994 754 1046 Romanae
780 1016 835 1047 12
858 1005 1106 1070 aequabant
1132 1010 1350 1074 pondere

74 1064 237 1112 uncias
267 1064 543 1117 Parifienses
587 1088 643 1120 12
671 1073 721 1136 3¹.

144 1136 221 1185 Ac
244 1142 447 1204 proinde
477 1143 595 1192 libra
617 1144 839 1197 Romana
866 1150 912 1201 se
937 1152 1082 1205 habet
1101 1157 1160 1206 ad
1178 1157 1351 1209 libram

76 1209 383 1262 Parifiensem
405 1254 420 1277 ‚
451 1231 501 1264 ut
541 1233 598 1265 12
632 1218 665 1283 3¹-
700 1222 759 1268 ad
802 1223 877 1272 16.

211 1283 282 1332 As
322 1285 387 1334 est
425 1288 523 1353 ipsa
552 1291 670 1340 libra
703 1294 942 1351 Romana.
1425 1318 1503 1360 As.

208 1350 370 1402 Partes
405 1355 508 1404 affis
538 1357 669 1420 sunt,

210 1416 393 1468 Deunx
418 1460 434 1482 ‚
468 1426 692 1475 undecim
723 1434 893 1483 unciae.

213 1484 435 1537 Dextans
454 1528 471 1548 ,
505 1492 694 1545 decem.

211 1552 443 1605 Dodrans
468 1596 481 1617 ‚
513 1578 711 1612 novem.

206 1619 304 1670 Bes
323 1660 338 1682 ‚
372 1624 501 1674 030.

207 1687 423 1754 Septunx
443 1731 456 1753 ‚
486 1693 686 1762 septem.

210 1755 365 1806 Semis
384 1797 397 1818 ,
438 1760 534 1810 sex.

209 1821 506 1887 Quincuux,
543 1833 768 1900 quinque.

209 1888 384 1941 Triens
404 1932 419 1954 ‚
458 1914 678 1963 quatuor.

209 1957 494 2023 Quadrans‚
526 1980 639 2016 tres·

212 2024 444 2090 Sextans,
478 2032 599 2083 duae.

142 2266 382 2364 Distingui
418 2301 595 2353 debent
627 2305 859 2359 sestertius
893 2311 942 2361 &
974 2313 1247 2370 sestertium.

141 2359 388 2416 Sestertius
431 2388 651 2422 nummus
693 2375 780 2425 fuit
830 2397 1082 2446 argenteus
1114 2423 1128 2446 ,
1176 2403 1341 2453 quarta
1387 2397 1537 2450 Sester-

71 2445 180 2493 pars
220 2432 414 2483 denarii.
452 2437 589 2488 Libra
623 2458 739 2510 ergo
778 2452 958 2514 argenti
993 2451 1214 2504 Romana
1234 2458 1447 2506 cen-tius.

68 2495 216 2549 senda
243 2499 307 2549 est
340 2506 694 2574 quadringentis
721 2512 935 2564 sestertiis
964 2524 1189 2571 nummis·
1440 2571 1450 2581 .

72 2564 75 2565 ⁷
141 2563 418 2618 Sestertium
469 2591 692 2626 nummus
735 2598 834 2631 non
879 2584 1003 2646 fuit,
1039 2588 1120 2636 sed
1161 2589 1342 2642 summa
1386 2610 1530 2662 Sester-

69 2633 291 2698 quaedam
328 2638 389 2691 ad
422 2641 747 2699 conficiendas
786 2655 1091 2703 commodius
1132 2660 1467 2717 rationestium.

965 2721 1071 2788 Bij
