1704 3073
336 111 448 186 164
629 73 1317 197 TITRLinH

119 197 308 263 U.q.260.
329 195 408 258 qui
434 194 632 244 maxime}
655 197 896 261 ignaviam
912 199 1172 264 incrkpant,
1203 199 1351 261 adsint
1370 198 1500 246 nobis
1515 197 1605 247 het-⁴

119 254 305 309 a.(,.492.
327 262 532 310 bentibus
577 263 802 313 deleffum.
851 266 1071 314 Acerrimi
1114 264 1324 332 cujusque
1372 267 1552 313 arbitrio
1577 302 1603 323 ,2

328 332 510 394 quando
529 331 597 378 ita
613 332 798 397 placet,
829 350 912 380 rem
940 351 1135 398 agemus.
1173 332 1400 382 Redeunt
1432 335 1480 380 in
1512 334 1600 380 tri-

326 397 474 446 bunal
514 414 525 445 ε
567 400 701 446 citari
741 401 1027 448 nominatim
1062 419 1209 449 unum
1249 418 1308 449 ex
1342 402 1396 447 iis
1438 401 1520 464 qui
1554 400 1606 448 in

327 464 587 532 conspeEtu
619 480 789 526 erant,
822 466 987 515 dedita
1019 469 1171 533 opera¹
1203 467 1389 533 jubent.
1424 465 1601 531 Quum

325 530 468 584 :staret
486 535 653 581 tacitus
676 570 690 592 ‚
727 533 779 582 &
807 534 933 583 circa
963 532 1074 583 eum
1103 536 1283 600 aliquot
1313 536 1565 584 hominum
1587 570 1606 593 ,

327 619 390 650 ne
426 600 553 650 forte
578 601 836 650 violaretur
858 639 872 661 ‚
915 601 1188 651 constitisset
1220 603 1392 669 globus
1419 639 1433 660 ,
1464 600 1608 651 licto-

329 686 435 717 rem
459 668 520 717 ad
552 684 663 717 eum
697 668 911 718 consules
949 671 1145 719 mittunt
1174 687 1188 729 3
1235 688 1332 734 quo
1368 669 1556 734 repulso
1587 704 1612 728 ,.,
1675 684 1679 685 ⁷

330 750 434 784 tum
464 737 584 785 vero
604 735 855 802 indignum
880 735 1060 785 facinus
1087 736 1179 786 esse
1206 737 1502 785 clamitantes
1523 738 1613 802 qui

329 803 523 852 Patrum
553 804 821 853 consulibus
841 804 1039 854 aderant
1061 841 1076 864 ‚
1117 805 1351 854 devolant
1374 805 1434 853 de
1454 804 1608 852 tribu-

330 872 471 929 nali,
505 886 557 919 ut
592 871 746 922 li&ori
783 873 958 921 auxil-io
993 870 1158 922 essent.
1208 871 1304 922 Sed
1339 873 1398 920 ab
1437 870 1609 921 lictore

331 938 366 989 6
384 938 503 988 nihil
529 939 658 988 aliud
681 939 826 1007 quam
856 941 1155 1006 prehendere
1180 940 1426 1005 prohibito
1459 955 1613 1004 quum.

329 1006 592 1057 conversus
630 1009 680 1056 in
723 1007 887 1056 Patres
920 1011 1129 1073 impetus
1174 1006 1323 1068 esset,
1358 1006 1610 1056 consulum

333 1075 595 1124 intercursu
622 1077 723 1125 rixa
759 1075 920 1124 sedata
951 1075 1018 1125 est
1055 1093 1067 1123 :
1107 1078 1155 1124 in
1187 1093 1281 1142 qua
1312 1090 1476 1124 tamen
1508 1073 1614 1123 fine·

331 1141 495 1209 lapide
516 1181 531 1203 ‚
562 1142 660 1193 fine
681 1143 780 1193 telo
799 1181 814 1204 ,
846 1144 954 1209 plus
984 1144 1208 1193 clam-oris
1228 1159 1370 1208 atque
1397 1145 1570 1191 irarum
1591 1179 1615 1203 ,

336 1210 484 1276 quam
516 1209 701 1277 injuriae
739 1210 910 1260 fuerat.
945 1209 1153 1261 Senatus
1178 1210 1474 1260 tumultuose
1514 1229 1612 1260 vo·

333 1293 499 1339 catus,
539 1278 870 1329 tumultuosius
902 1279 1159 1329 consulitur
1182 1316 1198 1341 ‚
1235 1295 1267 1342 7
1297 1272 1615 1346 quaestionem

334 1345 680 1412 postulantibus
699 1349 753 1396 iis
773 1349 852 1414 qui
878 1347 1045 1414 pulsati
1068 1348 1256 1396 fuerant
1275 1384 1290 1406 ,
1317 1348 1617 1396 decernente

336 1412 632 1464 ferociffimo
673 1432 867 1481 quoque
902 1452 918 1476 ,
975 1433 1075 1465 non
1119 1415 1362 1463 sententiis
1413 1416 1565 1481 magis
1593 1450 1615 1475 ,

339 1482 485 1548 quarn
515 1483 724 1532 clamore
760 1483 811 1532 &
847 1481 1058 1550 strepitu.
1088 1482 1316 1532 Tandem
1350 1499 1496 1547 quum
1529 1484 1615 1530 irae

335 1548 609 1600 resedissent
635 1588 651 1609 ,
701 1552 1099 1618 exprobrantibus
1146 1550 1416 1601 consulibus
1460 1549 1618 1599 nihilo

339 1619 445 1684 plus
478 1617 685 1667 sanitatis
725 1622 772 1667 in
821 1621 949 1668 curia
981 1657 997 1678 ‚
1043 1618 1188 1686 quam
1224 1621 1273 1667 in
1315 1616 1423 1667 foro
1465 1616 1557 1667 effe
1595 1654 1617 1678 ,2

190 1693 320 1737 Variae
344 1686 516 1735 ordine
548 1686 728 1736 consuli
751 1690 919 1752 coepit.
944 1685 1069 1737 Tres
1090 1686 1225 1736 fuere
1259 1685 1526 1735 sententiae.
1557 1683 1614 1736 P.

124 1754 280 1808 senten·

131 1830 193 1856 11ae
220 1834 261 1858 m

124 1877 283 1931 senatu·

343 1753 588 1821 Virginius
611 1753 639 1803 8
674 1771 775 1803 rem
796 1772 896 1804 non
916 1756 1177 1822 vulgabat:
1206 1756 1282 1802 De
1309 1756 1371 1802 iis
1399 1754 1613 1812 tantiam,

346 1824 425 1888 qui
449 1823 587 1887 fidem
604 1820 787 1887 sequuti
825 1825 883 1872 P.
921 1824 1105 1872 Servilii
1134 1820 1331 1885 confidis
1352 1859 1369 1880 ,
1408 1819 1566 1885 Volsco
1593 1859 1623 1880 ,.

345 1892 598 1948 Aurunco,
622 1891 879 1956 Sabinoque
911 1888 1169 1953 nzilithffi’nt
1203 1890 1317 1936 bello
1338 1927 1361 1947 ,,
1394 1890 1619 1954 agendum

345 1957 558 2021 cenfibat.
597 1955 665 2007 T.
703 1957 921 2017 Lartius,
967 1961 1078 2007 Non
1112 1960 1162 2006 id
1193 1972 1365 2022 tempus
1400 1952 1479 2018 effi
1502 1993 1521 2015 ,
1565 1970 1616 2003 ut

346 2027 500 2074 merita
535 2028 840 2074 tantummodo
880 2024 1240 2089 exsolverefztur3
1277 2039 1416 2070 totam
1442 2023 1618 2087 plebem

346 2112 425 2141 cere
455 2093 606 2141 alieno
633 2092 863 2156 demersam
897 2093 976 2159 ff
1002 2113 1015 2142 :
1046 2108 1076 2158 9
1113 2111 1191 2141 nec
1216 2092 1312 2156 sisti
1336 2088 1462 2156 poffe
1498 2127 1516 2149 ,
1563 2091 1619 2138 ni

347 2162 553 2208 omnibus
586 2161 846 2227 consulatur
862 2180 884 2220 ;
924 2163 1032 2227 quin
1062 2199 1080 2220 ,
1125 2161 1172 2224 fi
1201 2160 1300 2207 alia
1336 2158 1527 2206 aliorum
1551 2158 1619 2222 fic

408 2283 436 2324 6
477 2285 601 2325 Nihil
631 2285 742 2324 aliud
783 2285 893 2340 quim
929 2286 946 2339 ]
1013 2285 1190 2326 Nolebat
1205 2281 1616 2337 omni-busindulgeri.

347 2343 661 2386 Tantummodo.
1073 2358 1099 2398 9
1132 2345 1218 2385 Nec
1237 2344 1323 2394 fisti
1347 2342 1454 2399 poffe
1474 2345 1488 2394 j·
1525 2344 1620 2384 Nec

409 2420 435 2458 7
462 2406 721 2464 Quaestionem
747 2408 951 2461 postulan-
1013 2406 1121 2462 poffe
1135 2420 1220 2445 rem
1235 2405 1409 2445 sustineri
1426 2432 1437 2451 ,
1459 2404 1620 2444 inhibe-

349 2466 478 2522 nibus]
504 2467 793 2508 postulantibus
827 2481 869 2509 ut
888 2470 950 2509 in·
1012 2470 1046 2509 ri
1066 2497 1075 2515 ,
1091 2468 1302 2522 quominus
1327 2467 1375 2504 ad
1397 2466 1621 2518 perniciem

349 2530 576 2582 quireretur
610 2529 650 2569 in
681 2530 862 2570 :inflores
890 2531 948 2570 in·
1012 2531 1183 2570 feratur.
1234 2527 1456 2570 Familiaris
1498 2526 1619 2570 Livio

346 2588 480 2643 juriae.
1012 2590 1214 2646 loquutio.

411 2651 435 2690 8
469 2651 566 2691 Rem
598 2665 677 2692 non
715 2651 901 2707 vulgabat
928 2651 946 2705 ]
