1704 3073
367 89 476 166 176
641 83 1331 144 T1T1L1v·11

146 171 458 233 Utc.263.sunt
479 206 494 230 ,
529 166 624 234 qua
646 165 734 216 suis
757 165 954 232 quisque
975 202 989 226 ‚
1027 163 1120 231 qua
1149 163 1294 214 totius
1321 156 1499 210 ordinis
1516 154 1627 209 viri-

147 236 323 287 3·C·439
353 239 459 288 bus.
521 237 597 285 Ac
630 235 787 302 primo
826 248 1007 283 tentata
1042 249 1117 281 res
1156 229 1223 280 est
1251 268 1266 290 ‚
1317 227 1350 276 fi
1394 225 1629 292 dispositis

355 303 606 355 clientibus
619 302 927 351 absterrendo
947 300 1152 366 fingulos
1171 317 1197 347 a
1213 296 1500 346 coitionibus
1514 311 1629 342 con-

352 373 560 438 ciliisque
581 409 596 431 ‚
623 368 841 433 disjicere
863 366 962 416 rem
987 365 1192 432 poffent.
1209 361 1433 413 Univerfi
1451 361 1631 410 deinde

354 439 626 508 processere
662 436 683 504 (
713 435 947 503 quidquid
985 449 1086 483 erat
1110 433 1336 493 Parrum,
1369 447 1479 478 reos
1500 429 1632 477 dice-

163 526 343 568 Damna.
357 508 474 575 res)
505 506 724 574 precibus
752 504 945 569 plebem
987 499 1303 567 exposcentes
1331 515 1344 547 τ
1374 502 1524 546 unum
1546 494 1632 544 fibi

152 601 216 628 tus
259 586 299 626 in
360 578 520 626 civem
541 613 555 635 ,
587 589 733 621 unum
757 572 1026 619 senatorem
1044 606 1058 629 ,
1080 566 1113 616 fi
1133 569 1449 615 innocentem
1470 562 1634 616 absol:

155 644 326 703 Volscos
359 662 475 698 vere
499 641 687 691 nollent
705 678 718 699 ‚
744 657 832 706 pro
854 652 1062 696 nocente
1082 637 1337 683 donarent.
1357 631 1463 699 Ipse
1483 646 1635 698 quum

153 707 311 779 exsulat
363 714 441 762 die
468 711 590 759 dieta
622 726 722 757 non
744 704 922 756 adesset
941 743 955 766 ‚
988 703 1341 770 perseveratum
1368 702 1418 748 in
1447 701 1515 748 ira
1548 696 1636 747 est.

155 771 342 812 ⁸“mab“·
362 780 636 830 Damnatus
674 774 841 824 absens
879 775 928 822 in
958 771 1167 820 Volscos
1193 769 1454 820 exsulatum
1479 767 1593 815 abiit
1618 802 1636 827 ,

359 849 586 900 minitans
621 845 783 910 patriae
806 880 820 903 ‚
863 839 1147 905 hostilesque
1183 837 1280 900 jam
1317 852 1420 886 tum
1449 835 1637 901 spiritus

361 933 554 986 gerens.
588 912 885 960 Venientem
921 906 1091 956 Volsci
1118 905 1327 972 benigne
1358 918 1596 969 excepere
1622 917 1636 950 ε

358 979 706 1051 benigniusque
727 980 775 1027 in
796 979 897 1027 dies
919 977 1174 1035 colebant,
1204 991 1302 1041 quo
1323 969 1479 1037 major
1497 971 1565 1019 ira
1589 971 1640 1019 in

362 1052 472 1102 suos
495 1048 738 1102 eminebat
758 1085 773 1108 ‚
806 1045 1079 1109 crebraeque
1099 1060 1224 1091 nunc
1242 1041 1451 1107 querelae
1467 1076 1484 1100 ,
1512 1054 1642 1087 nunc

361 1123 507 1171 minae
533 1116 939 1186 percipiebantur.
987 1111 1215 1177 Hospitio
1249 1108 1471 1157 utebatur
1516 1105 1643 1154 Attii

326 1186 328 1188 ¹
363 1187 516 1241 Tulli.
562 1183 732 1251 Longe
763 1184 803 1232 is
838 1197 943 1232 tum
973 1181 1194 1247 princeps
1233 1175 1399 1226 Volsci
1430 1174 1643 1224 nominis

364 1270 468 1307 erat
490 1293 505 1317 ,
544 1250 866 1316 Romanisque
898 1247 1086 1315 semper
1123 1243 1316 1295 infestus
1342 1261 1358 1305 ;
1397 1245 1462 1292 ita
1493 1257 1642 1308 quum

365 1326 572 1375 alterum
611 1335 753 1370 vetus
788 1318 954 1368 odium
978 1354 993 1375 ‚
1039 1316 1241 1364 alterum
1269 1314 1338 1361 ira
1368 1327 1537 1360 recens
1564 1307 1645 1357 sti-

366 1393 574 1444 mularet
594 1426 610 1449 ‚
637 1386 832 1438 confilia
862 1383 1120 1435 conferunt
1148 1382 1208 1431 de
1235 1379 1463 1430 Romano
1494 1376 1647 1426 bello.

367 1460 517 1514 Haud
557 1457 695 1507 facile
739 1454 998 1505 credebant
1050 1450 1247 1518 plebem
1286 1446 1416 1497 suam
1460 1443 1647 1512 impelli

367 1527 504 1597 posse
525 1565 541 1589 ,
570 1540 622 1574 ut
648 1525 794 1573 toties
831 1521 1084 1572 infeliciter
1120 1530 1304 1568 tentata
1335 1531 1465 1564 arma
1499 1528 1650 1579 cape-

370 1599 498 1646 rent.
552 1594 725 1644 Multis
757 1590 875 1657 saepe
929 1589 1060 1637 bellis
1082 1625 1099 1647 ,
1141 1584 1397 1654 pestilentia*
1432 1579 1649 1649 postremo

378 1662 550 1728 amiſsd
564 1660 807 1729 juventute
820 1697 838 1718 ,
867 1655 1236 1724 ftablosspiritus
1256 1649 1335 1716 effe
1354 1671 1367 1701 ε
1399 1665 1491 1698 arte
1512 1666 1649 1715 agen-

377 1736 482 1781 dum
517 1732 566 1778 in
603 1729 775 1777 exoleto
806 1725 910 1793 jam
955 1726 1168 1795 vetustate
1203 1723 1307 1771 odio
1338 1757 1357 1779 ‚
1406 1732 1456 1768 ut
1492 1714 1652 1766 recenti

379 1799 542 1864 aliqud
562 1798 630 1846 irsi
657 1797 1017 1844 exacerbarentur
1035 1792 1211 1841 animi..
1274 1796 1277 1797 ⁷

448 1862 691 1915 XXXVI.
749 1878 769 1930 5
823 1862 948 1911 Ludi
988 1860 1148 1920 forte,
1183 1874 1243 1906 ex
1278 1853 1656 1912 instauratione3

379 1933 553 2001 Magni
567 1932 738 1981 Romae
762 1930 1050 1997 parabantur
1069 1945 1084 1988 3
1106 1924 1393 1974 instaurandi
1406 1923 1506 1971 haec
1522 1918 1659 1970 causa

381 2001 554 2053 fuerat.
612 1998 757 2048 Ludis
795 1997 936 2046 mane
981 1996 1174 2045 servum
1212 1992 1406 2059 quidam
1439 1987 1659 2057 paterfa-

386 2071 562 2131 miliae,
597 2067 628 2117 6
652 2065 873 2116 nondum
901 2062 1149 2114 commisso
1186 2059 1487 2127 spefi'taculo,
1513 2074 1545 2122 7
1575 2054 1657 2106 sub

387 2194 471 2237 tius
511 2192 736 2233 'videretur
784 2203 797 2232 ε
850 2189 992 2245 nifique
1054 2186 1159 2228 mitti
1190 2185 1395 2240 proprium
1424 2184 1467 2225 ὃ(
1493 2182 1657 2223 solenne

385 2253 512 2312 fiant:
536 2254 698 2294 utinfra
719 2281 730 2301 ,
750 2267 787 2292 c.
823 2263 901 2304 50,
922 2251 996 2305 nisi
1054 2250 1094 2290 in
1124 2250 1197 2288 hac
1228 2261 1273 2287 re
1310 2246 1392 2294 est,
1425 2244 1515 2298 quia
1544 2242 1661 2283 nimi-

391 2315 617 2372 corporibus
638 2311 841 2368 armisque.
1056 2325 1140 2351 rum
1162 2310 1201 2350 in
1225 2306 1457 2363 spediaculis
1478 2304 1659 2347 commit-

462 2391 481 2428 5
505 2376 658 2418 Ludi...
678 2375 858 2430 Magni]
897 2373 994 2420 Vid.
1057 2383 1195 2413 tuntur
1223 2370 1327 2410 inter
1363 2369 1400 2409 se
1435 2365 1659 2413 certaturi;

393 2438 507 2493 supra
540 2438 557 2477 1
581 2444 596 2485 ,¹
628 2447 699 2488 35.
1059 2434 1198 2475 endem
1221 2430 1379 2485 prorsus
1407 2430 1565 2470 ratione
1584 2425 1662 2481 qua

459 2500 485 2540 6
505 2499 689 2539 Nondum
708 2496 896 2549 comnuffm
908 2494 996 2550 ᾖκ-
1060 2494 1206 2534 dicitur
1242 2491 1429 2532 committi
1464 2488 1663 2543 praelium.

395 2560 545 2601 Baculo
568 2560 585 2613 ]
635 2558 822 2598 Nondum
859 2568 996 2610 coepto
1120 2570 1144 2607 7
1178 2553 1257 2594 Sub
1268 2551 1420 2607 fhrca]
1445 2552 1570 2591 Furca
1589 2549 1664 2589 du-

393 2621 635 2678 spectatae.
676 2619 858 2666 Verbum
896 2633 993 2659 com-
1057 2618 1153 2672 plex
1195 2615 1268 2657 fuit
1321 2626 1333 2657 ε
1379 2612 1453 2653 alia
1483 2639 1496 2661 ,
1545 2623 1662 2663 quarn

1529 2667 1668 2719 furca
