1704 3073
435 526 533 582 Ex
567 531 762 589 Seneca
783 557 970 611 patre,
999 546 1250 626 Suasoria
1266 551 1450 630 fixtd.

299 647 430 741 Μ.
472 689 545 741 CI
564 710 685 745 CER
708 715 743 749 o
763 740 778 761 ,
810 703 892 754 sub
947 709 1210 764 adventum
1260 717 1572 777 Triumviro-

297 773 404 805 rum
453 760 646 811 cesserat
694 770 809 819 urbe
849 810 863 832 ‚
913 793 1003 840 pro
1052 798 1185 832 certo
1238 786 1416 839 habens
1454 831 1472 852 ‚
1518 796 1571 845 id

293 826 429 888 quod
457 845 559 876 erat
579 870 592 889 ,
621 851 718 883 non
745 844 895 907 magis
931 844 1153 898 Antonio
1177 856 1296 919 eripi
1329 856 1403 918 se,
1424 862 1567 924 quem

296 890 471 942 Caesari
517 896 726 951 Caffium
768 908 819 954 ὃ(
859 909 1058 962 Brutum
1083 953 1097 974 ‚
1136 920 1283 982 poss‘e.
1319 924 1477 975 Primo
1517 932 1565 979 in

293 957 617 1016 Tusculanum
663 970 814 1038 fugit,
852 979 964 1028 inde
1003 983 1273 1037 transversis
1314 993 1564 1047 itineribus

286 1027 335 1074 in
361 1029 699 1098 Formianum,
725 1056 775 1089 ut
808 1044 867 1092 ab
900 1045 1068 1099 Caieta
1095 1058 1258 1104 navim
1286 1061 1568 1115 conscensu-

287 1113 366 1144 rus
392 1135 407 1157 ,
452 1101 778 1164 proficiscitur.
830 1111 976 1164 Unde
1020 1119 1270 1187 aliquoties
1312 1126 1374 1175 in'
1413 1131 1563 1182 altum

285 1168 574 1228 proveRum
595 1210 610 1232 ,
634 1192 781 1240 quum
812 1183 964 1231 modo
992 1191 1124 1236 venti
1153 1192 1338 1243 adversi
1367 1200 1561 1250 retulis-

284 1229 414 1292 sent,
447 1239 597 1286 modo
627 1244 724 1308 ipse
757 1244 1061 1309 jafiationem
1090 1260 1257 1320 navis,
1288 1281 1419 1314 caeco
1450 1268 1560 1319 voI-

280 1316 435 1351 vente
458 1305 601 1355 flue'tu
623 1347 639 1367 ‚
671 1316 770 1380 pati
801 1334 901 1367 non
926 1321 1080 1385 posset
1100 1362 1114 1384 ‚
1143 1328 1337 1378 taedium
1357 1335 1557 1387 tandem

283 1382 394 1416 eum
431 1374 483 1420 &
517 1373 642 1443 fugae
676 1381 728 1428 &
766 1385 878 1433 vitae
919 1392 1048 1455 cepit
1082 1413 1096 1443 :
1131 1397 1449 1465 regressusque
1491 1405 1558 1454 ad

274 1433 572 1500 superiorem
612 1447 809 1511 villam,
844 1471 949 1518 quae
982 1459 1125 1523 paulo
1158 1464 1261 1528 plus
1284 1469 1413 1518 mille
1441 1471 1555 1536 pas-

276 1501 404 1552 {ibus
431 1525 456 1554 a
493 1513 611 1559 mari
645 1516 776 1565 abest
797 1557 811 1580 ,
840 1524 1053 1585 Moriar,
1089 1529 1240 1596 inquit
1267 1571 1281 1593 ,
1311 1537 1359 1583 in
1387 1542 1548 1603 patria

268 1568 388 1637 saepe
409 1574 606 1638 firvata.
635 1580 755 1634 Satis
790 1590 972 1640 constat
1002 1593 1163 1646 servos
1194 1598 1380 1651 fortiter
1421 1604 1551 1656 fide·-

268 1639 474 1707 Jiterque
506 1664 699 1711 paratos
730 1652 862 1705 fuisse
900 1659 961 1708 ad
1000 1661 1323 1716 dimicandum
1349 1688 1361 1717 :
1393 1673 1547 1738 ipsum

269 1706 458 1774 deponi
489 1713 738 1780 lefficam,
777 1724 829 1770 &
877 1729 1065 1792 quietos
1102 1736 1231 1797 pati,
1266 1740 1399 1803 quod
1446 1741 1544 1793 sors

269 1774 431 1843 iniqua
465 1797 695 1849 cogeret,
721 1788 872 1853 juffiff
899 1831 910 1842 .
941 1795 1235 1852 Prominenti
1259 1823 1317 1852 ex
1346 1806 1546 1872 leffica,

266 1847 599 1916 praebentique
637 1855 890 1909 immotam
1045 1867 1056 1876 ’

262 1975 356 2028 fuit
391 1999 401 2028 :
442 2002 610 2037 manus
649 2009 877 2060 quoque,
911 1998 1133 2066 scripsisse
1172 2006 1218 2052 in
1262 2007 1537 2064 Antonium

260 2046 439 2113 aliquid
476 2059 822 2121 exprobrantes
849 2102 868 2122 ‚
908 2071 1243 2132 praeciderunt.
1294 2075 1365 2125 Ita
1412 2082 1536 2131 rela-

257 2126 361 2163 tum
396 2136 540 2186 caput
577 2126 637 2174 ad
669 2127 972 2195 Antonium,
1009 2134 1222 2206 jussuque
1269 2141 1372 2207 ejus
1411 2148 1536 2199 inter

255 2181 374 2232 duas
410 2205 577 2238 manus
613 2195 660 2241 in
693 2196 878 2248 Rostris
910 2202 1115 2267 positum
1136 2245 1149 2266 ‚
1177 2208 1259 2256 ubi
1291 2212 1369 2261 isse
1401 2222 1541 2265 con?

254 2249 352 2312 sul,
381 2256 462 2303 ubi
493 2258 614 2325 saepe
652 2264 906 2316 consularis
925 2307 937 2327 ,
969 2273 1046 2319 ubi
1067 2290 1127 2322 eo
1157 2275 1258 2341 ipso
1286 2297 1414 2330 anno
1443 2285 1530 2332 ad-

252 2322 419 2370 vershs
438 2323 735 2391 Antonium,
756 2351 928 2399 quanta
951 2340 1077 2388 nulla
1094 2360 1319 2409 umquam
1352 2350 1527 2400 huma-

82 2406 106 2430 »
130 2402 238 2445 Gro-
253 2403 314 2435 na
343 2408 443 2439 vox
483 2412 592 2443 cum
627 2399 939 2453 admiratione
977 2409 1298 2475 eloquentiae,
1335 2418 1529 2468 auditus

46 2468 217 2505 nov.1e-
249 2454 420 2508 fuerat.
452 2460 550 2509 Vix
581 2467 860 2517 attollentes
894 2472 917 2494 '⁶
950 2474 1175 2542 iacrymis
1220 2483 1388 2533 oculos
1427 2487 1525 2535 ho-

44 2528 105 2579 git
136 2542 211 2578 prae
250 2527 434 2592 mines»,
472 2530 647 2583 intueri
687 2538 914 2592 trucidata
966 2547 1185 2598 membra
1234 2547 1337 2615 ejus
1372 2568 1519 2620 pote-

40 2587 237 2644 lacrymi&
247 2607 370 2646 rant,
