1704 3073
1641 0 1696 85 {fl

316 67 1302 144 216·T1T1L1v11
1643 130 1674 191 α-

110 148 486 207 U.c.283,oculos.
536 148 705 202 Victus
752 157 948 207 tandem
993 160 1439 232 (quandoquidem
1474 170 1592 223 nihil
1665 191 1668 195 ·

108 208 295 262 ῦ·(3-4()9·
315 230 488 277 praeter
536 233 726 286 tempus
780 240 801 289 5
854 243 992 277 noxae
1033 231 1369 303 lucrarentur)
1408 239 1591 290 remissa
1687 255 1689 258 ⁴

315 285 555 334 concione
575 325 589 346 ‚
621 291 710 338 iter
739 294 785 338 in
816 292 1098 358 sequentem
1133 302 1260 350 diem
1290 310 1589 368 pronuntiari
1666 347 1675 381 Γ

313 366 460 414 quum
487 350 678 415 juffisset
699 394 711 415 ,
748 360 899 422 prima
922 362 1024 411 luce
1050 367 1236 417 claslico
1259 370 1440 437 {ignum
1461 392 1587 439 pro-

130 419 264 480 Fugit.
311 415 528 468 festionis
555 423 705 471 dedit.
744 424 917 488 Quum
941 434 1148 483 maxime
1170 454 1344 503 agmen
1368 457 1394 489 e
1426 441 1586 492 castris

309 487 626 550 explicaretur
649 528 663 549 ‚
695 490 861 541 Volsci
886 533 900 554 ‚
935 513 984 545 ut
1004 500 1183 549 eodem
1212 504 1343 572 signo
1363 511 1585 570 excitati,

304 553 586 603 novissimos
629 558 922 611 adoriuntur.
972 564 1019 612 A
1061 571 1231 633 quibus
1272 575 1479 638 perlatus
1521 577 1583 626 ad

303 623 486 685 primos
507 626 736 674 tumultus
764 644 825 676 eo
860 648 1042 695 pavore
1069 635 1294 704 signaque
1316 642 1366 690 &
1387 644 1584 694 ordines

305 689 513 736 turbavit
547 728 561 750 ‚
608 707 659 740 ut
697 711 857 761 neque
894 701 1094 765 imperia
1129 708 1378 770 exaudiri,
1420 728 1584 779 neque
1671 708 1704 761 .¹

303 754 458 805 instrui
481 761 604 807 acies
621 761 842 823 possent3
883 784 1029 816 nemo
1052 772 1189 821 ullius
1209 775 1293 824 nisi
1316 776 1442 845 fugae
1474 797 1584 830 me-
1678 788 1682 795 '

302 838 429 872 mor.
473 823 545 873 Ita
582 826 730 877 effuso
766 836 956 899 agmine
991 836 1021 885 6
1048 856 1136 904 per
1168 839 1371 910 stragem
1410 864 1586 913 corpo-

300 908 408 938 rum
436 910 779 963 armorumque
810 902 1001 952 evasere
1028 942 1042 963 ‚
1080 922 1131 956 ut
1164 913 1293 974 prius
1322 913 1468 962 hostis
1498 916 1583 965 de-

299 957 477 1008 sisteret
499 965 627 1027 lequi
648 1002 661 1024 ,
689 965 833 1029 quam
856 967 1106 1022 Romanus
1141 976 1323 1044 fugere.
1353 979 1579 1034 Tandem

297 1027 506 1076 colleffis
555 1048 614 1078 ex
665 1031 882 1099 dissipato
934 1039 1065 1089 cursu
1105 1047 1372 1108 militibus,
1411 1053 1575 1101 consul

297 1110 445 1158 quum
481 1101 762 1149 revocando
782 1107 1102 1173 nequicquam
1125 1110 1230 1161 suos
1267 1116 1578 1184 persequutus

299 1160 449 1222 esset,
481 1165 528 1210 in
558 1184 731 1230 pacato
761 1188 878 1236 agro
911 1176 1057 1224 castra
1092 1180 1281 1242 posuit:
1315 1186 1579 1236 advocat&-

297 1246 391 1295 que
424 1235 697 1295 concione,
730 1238 941 1290 inve&us
972 1243 1095 1293 haud
1125 1246 1244 1296 falso
1269 1252 1314 1298 in
1344 1255 1576 1317 prodito-

295 1314 399 1345 rem
423 1304 684 1350 exercitum
714 1307 927 1357 militaris
960 1311 1247 1379 disciplinae,
1279 1319 1576 1373 desertorem

293 1363 532 1432 fignorum
552 1406 567 1428 ,
602 1372 683 1418 ubi
703 1371 832 1439 signa
854 1413 866 1435 ‚
894 1378 976 1426 ubi
1003 1399 1132 1430 arma
1150 1383 1297 1434 effent
1318 1425 1333 1446 ‚
1363 1387 1573 1455 singulos

294 1435 543 1501 rogitan53
578 1439 787 1489 inermes
813 1445 987 1495 milites
1009 1486 1023 1508 ‚
1057 1448 1192 1516 {igno
1225 1454 1389 1504 amisso
1424 1458 1572 1525 signi-

294 1499 457 1562 feros,
494 1503 554 1551 ad
591 1505 686 1555 hoc
725 1515 1030 1564 centuriones
1050 1554 1064 1575 ‚
1093 1534 1126 1581 7
1155 1520 1534 1593 duplicariosque
1556 1567 1575 1590 ‚

294 1571 380 1635 qui
399 1570 686 1637 reliquerant
706 1578 900 1628 ordines
916 1619 930 1641 ‚
964 1585 1108 1651 virgis
1127 1589 1272 1638 caesos
1291 1591 1437 1641 securi
1460 1612 1574 1660 per-

296 1636 429 1686 cussit
453 1654 468 1697 ·,
497 1655 656 1690 cetera
689 1646 946 1699 multitudo
977 1650 1102 1702 sorte
1136 1656 1348 1709 decimus
1375 1662 1570 1730 quisque

295 1705 356 1753 ad
381 1705 662 1772 supplicium
693 1712 816 1764 lesii.

362 1772 466 1821 LX.
503 1773 690 1827 Contra
727 1798 783 1831 ea
818 1785 865 1832 in
894 1787 1057 1854 AEquis
1088 1790 1212 1842 inter
1246 1796 1490 1846 consulem
1514 1817 1570 1849 ac

295 1841 499 1889 militem
528 1849 756 1898 comitate
779 1869 830 1899 ac
860 1854 1105 1906 beneficiis
1134 1876 1363 1912 certatum
1389 1864 1482 1925 est3
1517 1868 1571 1916 &

294 1911 462 1958 natura
490 1909 721 1974 Quintius
757 1935 857 1969 erat
883 1923 1071 1987 lenior,
1105 1928 1158 1977 ὃς
1196 1929 1373 1981 saevitia
1404 1933 1570 1984 infelix

361 2045 379 2086 5
405 2035 568 2092 Noxae]
593 2040 748 2082 Milites
771 2045 836 2098 qui
863 2045 901 2086 in
964 2056 1258 2108 armorumque]
1289 2055 1368 2097 Per
1397 2072 1570 2113 corpora
1631 2081 1634 2084 ⁴
1663 2060 1665 2062 ’

294 2108 401 2135 noxa
446 2111 573 2139 erant.
609 2103 732 2143 Noxa
767 2106 822 2145 est
862 2108 899 2147 id
963 2124 1150 2166 armaque
1196 2116 1314 2157 strata
1351 2119 1482 2173 paffim
1523 2122 1566 2163 in

295 2170 415 2196 ornne
453 2162 562 2211 quod
603 2177 724 2205 nocet
756 2194 767 2213 ‚
819 2167 898 2208 five
960 2173 1083 2227 agris.

295 2219 409 2269 culpa
431 2247 441 2266 ,
460 2219 538 2260 sive
556 2223 661 2264 laefio
682 2254 693 2272 ,
718 2225 796 2267 five
817 2230 898 2283 ipse
1023 2248 1047 2284 7
1067 2236 1363 2296 Duplicarios]
1385 2241 1468 2294 Qui
1491 2244 1568 2285 du-

292 2277 417 2318 homo
449 2283 513 2333 qui
539 2286 695 2338 culpam
730 2291 899 2331 commi-
961 2295 1077 2349 plicia
1111 2300 1254 2340 cibaria
1290 2304 1342 2342 ob
1376 2305 1568 2348 virtutem

292 2337 339 2380 fit
383 2368 394 2388 ,
444 2342 681 2387 damnumve
746 2349 896 2392 intulit.

292 2400 361 2441 Sic
391 2403 430 2442 ὅ(
454 2401 620 2458 servitia
649 2423 721 2461 pro
742 2409 894 2462 servis,

293 2476 420 2517 operae
482 2479 558 2519 pro
599 2471 788 2524 operariis
836 2475 897 2515 ‹li-

294 2536 457 2566 cuntur.

352 2587 381 2627 6
401 2585 485 2630 Per
497 2589 665 2650 stragem
690 2609 895 2651 corporum

960 2357 1206 2410 acciperent.
1248 2362 1444 2406 Usitatum
1491 2368 1569 2409 fuit

960 2421 1063 2472 apud
1095 2420 1298 2464 Romanos
1329 2427 1409 2468 hoc
1441 2430 1564 2470 modo

960 2480 1149 2523 virtutem
1183 2486 1391 2528 militarem
1424 2503 1564 2530 remu·

957 2556 1116 2588 uetare.
1136 2544 1233 2594 vid.
1254 2540 1465 2600 Liv.V11,
1484 2562 1562 2607 37,
