1704 3073
121 183 496 240 U,c‚266‚pacem
531 181 829 245 poscentium
871 191 1079 255 primiim
1120 196 1343 250 seditioso
1382 201 1598 254 clamore

121 240 309 293 a.C.486.
324 250 590 297 conterruit
622 268 634 300 :
684 253 859 304 deinde
903 278 1079 311 vocare
1110 264 1322 316 senatum
1355 306 1370 328 ‚
1417 270 1598 322 referre

325 310 387 361 de
432 314 598 382 legatis
638 321 698 368 ad
748 321 808 371 C.
849 323 1088 378 Marcium
1134 336 1381 385 mittendis
1419 342 1597 406 coegit.

317 377 632 447 Acceperunt
651 389 936 441 relationem
957 394 1114 447 Patres
1131 439 1146 461 ‚
1176 403 1429 471 postquam
1449 425 1598 472 appa-

311 449 404 496 ruit
451 451 614 501 labare
660 455 812 520 plebis
857 462 1082 525 animos3
1120 469 1336 538 miliique
1369 474 1429 522 de
1476 474 1597 539 pace

317 515 379 562 ad
414 516 649 568 Marcium
684 541 901 577 oratores
925 566 943 590 5
980 545 1119 582 atrox
1153 538 1433 603 responsum
1460 558 1597 591 retu·-

319 583 493 634 lerunt.
540 590 595 636 Si
628 591 804 655 Volscis
839 615 944 664 ager
970 603 1242 664 redderetur,
1272 607 1396 673 poffi
1433 613 1510 677 agi
1540 613 1594 658 de

312 669 432 717 pace
460 672 474 702 .·
497 656 546 717 fi
563 660 722 721 praedci
755 662 861 712 belli
884 684 969 731 per
1002 671 1141 719 otium
1169 671 1271 738 frui
1300 678 1474 736 velint,
1505 697 1595 727 me-

65 734 100 769 a..-
320 737 477 768 morem
508 721 559 784 J}
590 725 634 773 6²
672 729 840 778 civium
875 732 1053 800 injuriae
1074 776 1092 797 ,
1132 740 1177 788 ὅ*
1218 740 1439 810 hospitum
1469 747 1595 794 hene-

307 788 416 851 ficii
439 825 458 846 ,
496 791 753 855 admfitrum
791 814 841 846 ut
880 819 1099 868 appareat
1129 810 1287 873 exfilio
1318 813 1409 875 fibi
1443 813 1596 862 irrita-

317 868 389 901 tos
420 893 437 914 ,
482 876 573 906 72072
610 859 783 925 finflos
830 871 1009 919 animos
1053 873 1147 938 ff.
1202 876 1382 928 Iterum
1416 878 1595 930 deinde

315 922 465 971 iidem
509 926 627 975 miffi
665 949 763 979 non
808 937 1102 1001 recipiuntur
1145 945 1193 992 in
1228 944 1387 996 castra.
1422 946 1597 998 Sacer-

314 989 457 1039 dotes
489 1011 684 1062 quoque
726 999 813 1048 suis
852 1004 1108 1072 infignibus
1147 1013 1336 1063 velatos
1365 1014 1445 1064 isse
1481 1015 1598 1082 sup-

313 1058 466 1124 plices
491 1063 550 1110 ad
575 1065 719 1115 castra
747 1068 949 1120 hostiurn
974 1113 986 1132 ‚
1021 1076 1049 1124 6
1070 1080 1291 1130 traditum
1313 1081 1413 1144 est3
1445 1084 1596 1135 nihilo

317 1128 468 1192 magis
498 1131 642 1196 quem
674 1136 858 1203 legatos
889 1141 1068 1193 flexisse
1093 1151 1324 1200 animum.

384 1194 493 1246 XL.
538 1199 667 1250 Tum
710 1221 940 1256 matronae
983 1213 1044 1260 ad
1090 1214 1342 1266 Veturiam
1388 1233 1595 1270 matrem

316 1259 606 1328 Coriolani,
633 1270 1049 1345 Volumniamque
1085 1284 1285 1334 fixorem
1317 1286 1595 1354 frequentes

315 1335 496 1381 coeunt
523 1351 537 1393 ;
574 1338 621 1385 id
655 1341 900 1405 publicum
932 1348 1181 1399 confilium
1201 1391 1216 1413 ‚
1264 1373 1322 1402 an
1351 1357 1596 1408 muliebris

314 1400 462 1449 timor
496 1402 666 1467 fuerit,
701 1427 867 1474 parum
907 1415 1124 1468 invenio,
1155 1420 1407 1473 Pervicere
1428 1426 1595 1486 certe,

312 1481 366 1517 ut
399 1468 451 1517 ὃς
483 1470 686 1523 Veturia
713 1495 891 1546 magno
924 1498 1036 1533 natu
1061 1488 1231 1538 mulier
1256 1528 1269 1551 ,
1298 1491 1348 1539 &
1378 1491 1593 1541 Volum-

311 1536 390 1584 nia
408 1574 421 1596 ,
442 1537 563 1589 duos
587 1560 763 1607 parvos
783 1564 842 1597 ex
860 1549 1049 1603 Marcio
1072 1554 1231 1606 ferens
1255 1558 1378 1609 filios
1401 1559 1557 1609 secum
1576 1599 1593 1623 ‚

311 1603 360 1650 in
395 1604 539 1656 castra
572 1610 777 1662 hostium
823 1618 984 1679 irent;
1019 1623 1070 1670 &
1103 1661 1117 1684 ‚
1156 1644 1300 1692 quam
1328 1631 1469 1677 armis
1499 1631 1591 1679 viri

309 1669 577 1725 defendere
606 1680 773 1730 urbem
800 1702 900 1733 non
934 1688 1152 1752 possent,
1183 1697 1406 1746 mulieres
1430 1699 1595 1766 preci-

306 1737 398 1787 bus
434 1742 752 1815 lacrymisque
797 1752 1132 1809 defenderent.
1188 1762 1290 1812 Ubi
1333 1766 1394 1814 ad
1444 1766 1591 1819 castra

307 1822 511 1859 ventum
552 1812 619 1863 est
653 1853 666 1875 ‚
712 1822 1077 1891 nuntiatumque
1122 1828 1392 1883 Coriolano
1436 1835 1596 1887 adeffe

307 1875 476 1941 ingens
505 1882 758 1933 mulierum
782 1906 984 1955 agmen,
1016 1896 1063 1943 in
1094 1899 1283 1962 primo,
1314 1916 1365 1950 ut
1389 1905 1467 1968 qui
1497 1921 1588 1954 nee

307 1944 501 2007 public&
538 1949 783 2013 majestate
815 1959 862 2005 in
890 1960 1058 2027 legatis
1083 2001 1096 2023 ,
1130 1983 1219 2015 nec
1256 1970 1299 2016 in
1324 1968 1592 2022 sacerdoti·-

306 2010 396 2059 bus
419 2016 549 2064 tanta
575 2017 729 2070 offus&
750 2026 900 2075 oculis
932 2032 1191 2098 animoque
1222 2037 1454 2103 religione
1476 2057 1590 2090 rno-

308 2091 383 2128 tus
415 2080 556 2145 esset,
587 2088 741 2138 multo
777 2093 1058 2147 obstinatior
1087 2101 1316 2153 adversiis
1348 2105 1590 2173 lacry'mas

124 2181 172 2226 V
258 2185 266 2194 .
308 2147 564 2201 muliebres
600 2171 717 2206 erat.
765 2158 898 2211 Dein
931 2163 1230 2218 familiarium
1253 2172 1476 2238 quidam,
1503 2178 1592 2241 qui

99 2198 539 2289 adff'ssffinfignem
568 2224 787 2276 moestitia
814 2231 935 2280 inter
955 2247 1137 2284 ceteras
1158 2256 1460 2304 cognoverat
1482 2243 1588 2293 Ve-

99 2265 245 2350 lanuom'
307 2285 476 2333 turiam
494 2325 507 2347 ,
539 2289 663 2340 inter
691 2312 862 2346 nurum
890 2303 1190 2371 nepotesque
1219 2306 1419 2356 stantem
1439 2347 1452 2370 ‚
1478 2313 1590 2376 Nisi

87 2370 223 2425 filiam
308 2371 374 2400 me
387 2351 691 2421 frustrantur,
723 2365 909 2430 inquit,
945 2368 1098 2430 oculi,
1130 2390 1270 2423 mater
1286 2377 1368 2424 tibi
1391 2377 1584 2443 conjux-

99 2440 246 2478 oracio.
307 2422 450 2486 que&
466 2424 592 2474 liberi
608 2427 785 2491 adstent.
819 2431 1111 2490 Coriolanus
1131 2460 1288 2511 prope
1306 2457 1356 2493 ut
1381 2462 1546 2495 amens
1566 2484 1584 2508 ‚

369 2516 396 2556 6
433 2517 634 2562 Traditum
663 2524 715 2574 est
747 2526 764 2578 ]
814 2528 907 2569 Non
976 2532 1013 2572 ὃ·
1071 2536 1195 2578 nihilo
1250 2539 1385 2596 magis.
1443 2542 1585 2586 Simile

305 2577 549 2632 aspernanda
580 2583 634 2624 est
674 2585 763 2641 jac.
803 2589 910 2630 Gro·
974 2599 1205 2653 exemplum
1230 2601 1312 2645 vid.
1343 2602 1446 2645 infra
1462 2605 1574 2656 vu,

303 2640 415 2682 novii
431 2642 662 2699 conjestura
677 2675 690 2699 ,
705 2650 909 2701 traditum,
971 2665 1049 2706 40.
