1704 3073
107 186 299 242 U.c.290.

106 243 294 296 a.C.462.

155 864 295 908 Furius

101 923 191 980 Cos.
213 943 293 968 ma·

99 984 117 1023 I
120 983 137 1024 ὲ
165 1003 242 1030 rem

95 1054 212 1104 gerit.

129 1466 289 1520 Obside-

97 1541 161 1567 tur
187 1544 228 1568 ln

95 1590 244 1641 eastris.

314 119 478 182 230‘
592 105 861 168 T1r1
944 115 1288 176 L1v11

311 181 478 248 AEquis
507 221 523 245 ,
579 201 638 236 ea
683 190 942 242 multitudo
987 195 1162 262 dilapsa
1199 215 1348 266 quum
1386 198 1591 251 Antium

311 250 504 301 redisset
525 290 540 313 ‚
576 255 655 304 sua
686 256 857 322 sponte
890 259 988 324 jam
1030 263 1205 315 infidos
1248 267 1453 318 colonos
1487 269 1591 318 Ro·

311 320 464 367 manis
499 321 800 375 abalienavit.
844 327 1068 380 Necdum
1102 335 1288 383 matura
1320 353 1370 385 re
1394 374 1408 396 ‚
1442 351 1592 402 quum

313 381 638 439 defectionem
669 396 822 457 parari
852 395 1065 446 delatum
1100 401 1159 449 ad
1188 403 1400 452 senatum
1440 402 1554 453 esset
1573 442 1590 466 ,

311 453 479 504 datum
498 460 747 523 negotium
781 461 847 511 est
872 465 1139 516 consulibus
1163 506 1178 529 ,
1218 487 1269 520 ut
1296 473 1595 538 principibus

309 523 515 572 coloniae
555 525 769 575 Romam
804 533 969 581 excitis
998 571 1014 594 ‚
1057 552 1325 600 quaererent
1362 541 1592 606 quidnam

305 591 372 638 rei
397 591 512 640 esset
543 611 556 652 ;
589 596 669 660 qui
687 612 833 661 quum
853 599 979 649 haud
1003 604 1199 668 gravate
1221 606 1452 657 veniffent
1470 645 1484 669 ‚
1510 609 1593 656 in-

304 659 512 708 troduffi
544 680 568 710 a
604 664 874 714 consulibus
909 669 969 718 ad
995 670 1212 720 senatum
1234 711 1247 732 ‚
1291 675 1357 723 ita
1390 675 1592 742 respon-

309 725 482 777 derunt
510 729 568 777 ad
588 732 883 801 interrogata
905 774 920 796 ,
943 751 994 785 ut
1021 741 1173 806 magis
1191 740 1386 808 suspeffi
1404 781 1418 803 ‚
1443 743 1588 808 quam

308 811 544 846 venerant
565 835 578 858 ‚
615 798 980 855 dimitterentur.
1006 804 1197 856 Bellum
1217 810 1330 859 inde
1350 811 1476 860 haud
1500 812 1590 860 du-

310 862 444 911 bium
475 864 657 915 haberi.
692 866 775 933 Sp.
805 868 971 922 Furius
991 911 1006 934 ‚
1039 876 1288 926 consulum
1322 879 1443 928 alter
1463 916 1478 939 ,
1512 881 1588 928 cui

312 945 367 977 ea
399 934 649 996 provincia
680 952 910 989 evenerat
935 977 952 998 ,
1010 943 1250 1007 profeStus
1281 947 1330 994 in
1361 946 1549 1014 AEquos
1573 985 1589 1008 ,

309 996 634 1051 Hernicorum
686 1005 735 1053 in
789 1023 906 1073 agro
958 1012 1357 1076 populabundum
1400 1013 1590 1064 hostem

307 1066 496 1118 invenit
521 1087 531 1117 ε
565 1071 846 1139 ignarusque
866 1077 1176 1129 multitudinis
1195 1120 1209 1141 ‚
1229 1083 1335 1149 quia
1359 1082 1590 1149 nusquam

306 1137 527 1185 universa
545 1140 797 1206 conspecta
816 1141 971 1194 fuerat
987 1183 1000 1204 ‚
1024 1148 1258 1213 imparem
1279 1153 1429 1216 copiis
1450 1168 1590 1201 exer·

307 1205 457 1252 citum
496 1221 678 1257 temere
720 1227 894 1277 pugnae
936 1216 1174 1265 commisit
1210 1236 1224 1278 ;
1279 1222 1434 1285 primo
1468 1238 1589 1268 con·

305 1271 439 1320 cursu
469 1274 626 1339 pulsus
659 1275 703 1325 se
742 1280 788 1326 in
820 1278 965 1328 castra
988 1287 1205 1349 recepit3
1242 1304 1399 1353 neque
1423 1291 1461 1336 is
1478 1287 1588 1338 finis

303 1341 503 1403 periculi
528 1342 642 1402 fuit3
665 1363 874 1413 namque
904 1349 954 1397 &
980 1354 1198 1415 proxima
1223 1355 1396 1414 nocte,
1420 1357 1470 1403 &
1490 1375 1587 1422 po-

303 1405 429 1457 stero
461 1409 538 1459 die
574 1414 706 1461 tanta
732 1415 781 1462 vi
804 1414 948 1465 castra
984 1417 1089 1470 sunt
1118 1422 1410 1472 circumsessa
1438 1439 1584 1490 atque

305 1492 584 1544 oppugnata
606 1517 621 1539 ‚
669 1496 719 1529 ut
753 1500 814 1530 ne
849 1488 1041 1536 nuntius
1083 1490 1278 1554 quidem
1308 1492 1420 1541 inde
1459 1496 1584 1542 mitti

306 1541 518 1593 Romam
543 1546 712 1612 posset.
750 1548 951 1601 Hernici
981 1554 1031 1602 &
1063 1558 1184 1605 male
1208 1573 1470 1625 pugnatum
1491 1597 1504 1620 ‚
1531 1561 1584 1610 &

305 1612 550 1662 consulem
568 1619 925 1685 exercitumque
946 1622 1152 1673 obfideri
1172 1663 1186 1684 ‚
1217 1629 1586 1678 nuntiaverunt:

301 1676 586 1747 tanturnque
606 1699 841 1733 terrorem
862 1689 1086 1740 incussere
1113 1691 1324 1742 Patribus
1339 1732 1352 1754 ‚
1373 1710 1424 1744 ut
1442 1693 1584 1760 (quae

296 1743 455 1796 forma
481 1748 863 1803 senatusconsulti
888 1758 1063 1806 ultimae
1089 1758 1275 1825 semper
1295 1762 1579 1813 neceffitatis

296 1814 459 1865 habita
480 1817 545 1866 est
569 1817 590 1886 )
622 1818 868 1872 Postumio
896 1826 1032 1873 alteri
1053 1829 1298 1878 consulum
1329 1833 1579 1897 negotium

297 1883 487 1933 daretur
506 1922 518 1943 ‚
559 1903 586 1933 2
619 1890 796 1937 Videret
822 1911 877 1938 ne
903 1896 1016 1958 quid
1043 1894 1288 1961 respublica
1326 1901 1574 1949 detrimenti

295 1967 483 2017 caperet.
511 1952 669 2020 Ipsum
688 1958 932 2008 consulem
961 1961 1133 2012 Romae
1162 1983 1352 2015 manere
1375 1968 1433 2015 ad
1457 1985 1580 2016 con·

295 2017 575 2070 scribendos
606 2041 778 2074 omnes
809 2030 888 2093 qui
909 2047 1038 2078 arma
1058 2030 1182 2080 ferre
1205 2033 1417 2099 possent,
1441 2038 1580 2100 opti·-

294 2104 426 2134 mum
461 2089 613 2138 visum
650 2091 716 2141 est
750 2111 760 2141 ε
810 2109 832 2158 3
878 2098 1164 2160 proconsule
1215 2101 1277 2150 Τ.
1314 2101 1578 2165 Quintium

292 2153 499 2204 subfidio
534 2159 691 2209 castris
724 2179 832 2210 cum
868 2165 1024 2214 sociali
1063 2172 1273 2218 exercitu
1305 2173 1427 2218 mitti
1460 2187 1473 2230 3
1513 2172 1573 2222 ad

296 2238 408 2271 eum
438 2227 733 2289 explendum
763 2230 913 2293 Latini
944 2271 957 2292 ‚
986 2235 1293 2304 'Hernicique
1313 2276 1327 2295 ,
1361 2238 1410 2285 &
1437 2240 1578 2289 colo-

295 2292 372 2339 nia
402 2291 602 2341 Antium
637 2295 749 2346 dare
767 2297 976 2362 Quintio
1004 2301 1246 2354 subitarios
1267 2306 1441 2355 milites
1473 2305 1574 2373 (ita

294 2372 396 2409 tum
418 2364 670 2427 repentina
690 2368 859 2415 auxilia
883 2370 1229 2439 appellabant)
1250 2370 1371 2437 juffi.

357 2478 381 2504 2
402 2463 570 2506 Videret
603 2482 650 2508 ne
679 2469 803 2524 qnid]
843 2474 904 2515 Eo
1032 2487 1052 2528 3
1078 2473 1353 2531 Proconsule]
1375 2476 1476 2520 Haec
1495 2479 1573 2533 pn·-

292 2524 637 2569 senatusconsulto
671 2530 812 2573 summa
836 2549 903 2574 re·-
967 2551 1027 2577 ma
1055 2539 1302 2591 proconsulis
1325 2541 1476 2582 mentio
1501 2555 1576 2593 oce

293 2601 378 2626 rum
399 2590 570 2629 omnium
593 2592 764 2643 potestas
797 2608 902 2637 con·
969 2601 1094 2642 currit
1120 2601 1224 2656 apud
1248 2599 1419 2646 Livium.

293 2648 440 2691 fidibus
464 2653 790 2705 permittebatur.

1641 377 1648 397 1
