1653 3078
406 124 1067 184 PRAEFATJO.
1268 124 1359 181 xix

20 198 32 200 “
87 203 398 273 imperantiS‚
436 224 494 266 ex
531 224 591 255 eo
624 219 759 272 patet
786 203 918 271 quod
944 240 958 264 ‚
989 203 1228 252 referente
1258 203 1362 253 Ta-

9 297 16 306 ¹
89 277 218 335 cito,
254 273 328 322 IV
354 274 484 322 Anna
517 288 611 339 34,
641 275 703 321 ita
740 270 836 321 Cn.
880 269 1167 334 Pompeium
1209 273 1361 319 laudi-

89 342 179 390 bus
211 342 444 391 extulerat
466 378 480 400 ,
509 359 561 390 ut
592 339 940 406 Pompeianum
977 354 1087 385 eum
1122 337 1363 402 Augustus

87 409 370 474 appellaret.
420 408 561 474 Saepe
606 407 844 467 Brutum,
881 403 1091 454 Caffium
1115 441 1128 461 ‚
1169 403 1364 468 Scipio-

89 493 204 524 nem
223 513 237 535 ‚
257 477 264 482 ”
282 475 533 524 Afranium
556 514 570 535 ,
603 491 654 523 ut
685 473 889 540 insignes
909 474 1040 520 viros
1074 473 1363 519 nominave-

91 557 183 591 rat.
218 542 393 610 Neque
424 544 507 602 id,
540 544 715 592 eodem
749 541 863 590 teste
903 537 1077 587 Tacito
1101 575 1113 595 ‚
1146 540 1366 586 amicitiae

87 609 232 676 ipsius
264 629 374 659 cum
407 609 622 677 Augusto
655 607 850 658 offecit:
879 607 1012 673 quod
1044 605 1241 671 quidem
1274 606 1367 654 du-

88 677 195 727 bito
217 680 374 727 utrum
400 675 747 743 patientissimis
785 675 1017 739 Principis
1048 675 1236 722 auribus
1260 709 1275 735 ,
1306 689 1367 721 an

88 743 333 795 scribentis
361 746 562 794 libertati
588 743 729 793 fuerit
755 740 1168 792 honorificentius,

160 809 259 861 Sed
290 812 343 861 ὅ(
375 813 424 859 in
468 812 522 860 iis
568 827 671 877 quae
716 812 863 859 hodie
900 807 1145 875 supersunt
1179 843 1194 867 ‚
1239 806 1370 856 nulla

91 894 292 945 apparet
327 877 646 929 assentationis
676 894 786 945 erga
821 893 933 926 eum
967 878 1046 942 qui
1087 890 1244 924 rerum
1279 892 1373 939 po-

88 948 258 995 tiretur
287 945 503 1011 suspicio.
532 944 693 995 Semel
716 960 794 994 aut
817 945 987 994 iterum
1014 944 1063 991 in
1090 942 1202 991 totis
1227 943 1374 1008 quin-

86 1029 187 1078 que
221 1013 273 1062 &
307 1015 499 1079 triginta
529 1013 657 1061 libris
691 1009 957 1078 Augustum
996 1009 1208 1076 appellat
1241 1025 1252 1057 :
1285 1007 1369 1058 sed

90 1080 190 1143 ipsa
222 1096 272 1130 re
307 1079 539 1146 poscente
562 1117 576 1139 ‚
603 1078 685 1128 sed
712 1079 925 1128 breviter
958 1077 1008 1126 &
1040 1076 1206 1126 cursim
1229 1112 1243 1135 ‚
1269 1093 1374 1126 mo·

78 1146 210 1196 -dicis
264 1164 371 1196 cum
425 1147 644 1195 laudibus
689 1146 741 1195 &
787 1146 932 1195 veris.
972 1143 1117 1193 Libro
1165 1145 1322 1210 primo
1355 1181 1377 1205 a

96 1231 204 1280 cap.
245 1229 303 1279 19
325 1251 340 1274 ,
372 1215 609 1279 templum
653 1212 755 1261 Jani
780 1250 792 1268 ,
825 1211 1073 1261 occafione
1102 1211 1240 1270 data,
1269 1227 1376 1261 mes

91 1295 251 1331 morat
277 1282 334 1329 ab
370 1298 431 1331 eo
461 1281 665 1330 clausurn
697 1279 830 1329 fuisse
860 1297 870 1328 ε
904 1298 1000 1346 quo
1030 1297 1177 1345 quum
1205 1278 1375 1345 Augu«

93 1347 188 1397 ssus
230 1365 528 1415 magnopere
572 1349 883 1416 gloriaretur,
927 1349 1023 1412 ipse
1074 1362 1236 1394 tamen
1271 1364 1375 1395 rem

94 1433 194 1464 uno
222 1420 377 1465 verbo
406 1419 589 1483 tangit,
622 1416 880 1481 gratulatus
918 1416 1102 1462 tantum
1129 1414 1256 1462 aetati
1284 1413 1375 1462 suae

91 1501 248 1532 raram
280 1482 576 1532 felicitatem.
620 1479 827 1542 RursuS,
864 1481 945 1530 ubi
978 1482 1038 1530 de
1073 1481 1230 1546 spoliis
1267 1483 1378 1547 opi·

93 1552 185 1599 mis
219 1548 354 1600 Coffi
387 1550 560 1598 differ-it
580 1587 593 1609 ‚
621 1551 654 1600 1.
682 1550 788 1609 IV,
812 1567 854 1598 c.
885 1565 946 1596 20
965 1586 978 1607 ,
1001 1547 1168 1597 testem
1196 1548 1373 1615 allegat

93 1619 348 1685 Augustum
383 1617 618 1682 Caesarem,
643 1619 902 1684 templomm
921 1619 1118 1664 omnium
1134 1655 1151 1674 ,
1177 1617 1332 1682 inquit
1353 1653 1370 1675 ‚

98 1689 393 1744 conditorem,
426 1701 507 1733 aut
532 1688 808 1752 restitutorem
832 1704 844 1734 :
869 1684 1001 1750 quod
1038 1683 1180 1748 quam
1221 1684 1337 1732 vere
1356 1721 1375 1741 ‚

33 1813 36 1815 -
96 1752 242 1818 quam
267 1771 364 1801 non
393 1753 646 1801 ambitiose
683 1752 856 1800 diuum
887 1750 970 1811 sit,
999 1750 1273 1800 testimonio
1306 1750 1375 1800 est

95 1821 176 1869 illa
214 1819 356 1884 ipsius
396 1819 593 1887 Augusti
625 1819 862 1869 notiffima
895 1837 995 1868 vox
1026 1836 1036 1866 z
1071 1821 1376 1867 Marmoreum

86 1885 137 1954 J}
172 1889 409 1952 relinquere
443 1890 609 1937 urbem
630 1926 646 1945 ‚
678 1906 811 1953 quam
851 1888 1091 1934 lateritiam
1122 1883 1371 1951 accepiffin‘,

96 1954 203 2004 Jam
227 1956 346 2003 vero
376 1956 423 2003 in
455 1956 687 2003 narranda
718 1955 886 2021 insigni
917 1955 995 2003 illa
1014 1954 1073 2002 de
1102 1952 1373 2002 Asdrubale

96 2013 295 2072 viElori'a
330 2040 472 2087 quarn
513 2023 675 2071 Livius
711 2023 763 2071 &
810 2021 946 2071 Nero
1001 2038 1315 2086 reportavere
1349 2056 1366 2078 ,

96 2089 243 2155 quam
274 2090 403 2140 bella
429 2090 523 2139 sese
552 2092 767 2156 scriptori
795 2089 957 2139 nostro
991 2091 1210 2138 materies
1244 2087 1369 2137 offe-

42 2208 44 2210 .
95 2158 232 2206 rebat
264 2158 570 2207 demerendae
606 2158 753 2207 Liviae
793 2156 988 2224 Augusti
1034 2159 1224 2213 uxoris,
1263 2174 1372 2222 quae

98 2225 160 2272 ad
192 2227 395 2274 alterum
429 2243 455 2274 e
487 2225 745 2275 vi&oribus
769 2227 1003 2292 originem
1038 2224 1298 2284 referebat,
1319 2225 1370 2272 in

101 2293 292 2340 alterius
324 2293 526 2342 domum
554 2292 706 2342 fuerat
744 2293 970 2358 adoptata
1004 2292 1015 2340 l
1052 2292 1196 2355 quam
1228 2291 1369 2339 facile

99 2359 167 2407 ibi
198 2358 292 2408 sese
323 2358 497 2423 jaGlare
538 2376 728 2426 poterat
770 2361 983 2409 adulatio
1023 2360 1033 2407 l
1069 2359 1233 2408 Livius
1266 2375 1371 2407 rem

101 2426 295 2492 quidem
324 2427 470 2493 ipsam
505 2429 673 2477 ornate
692 2466 708 2485 ‚
742 2442 793 2476 ut
824 2446 908 2495 par
933 2442 1031 2476 erat
1050 2465 1064 2487 ‚
1088 2423 1371 2492 magnifice-

101 2511 195 2560 que
227 2493 443 2544 describit
483 2498 576 2554 3in
617 2495 820 2545 viElores
865 2494 989 2561 ipsos
1031 2495 1174 2559 plen&
1225 2510 1376 2543 manu?

99 2562 265 2613 laudes
286 2563 522 2611 cumulat:
554 2564 612 2612 de
643 2582 812 2612 eorum
844 2563 1044 2628 posteris
1066 2600 1077 2619 ,
1111 2562 1170 2608 de
1199 2559 1373 2622 Livia,

101 2627 336 2692 Tiberio,
367 2628 525 2683 Druso
545 2668 559 2692 ,
587 2649 647 2684 ne
679 2632 933 2683 verbulum
964 2630 1179 2702 quidem.
