1653 3078
461 94 821 164 LtssER
915 116 1017 173 11.
1252 148 1351 209 153

90 164 230 278 fileto
249 184 450 222 nurnero
476 177 765 232 colonorum
782 224 796 246 ,
825 189 996 242 iterum
1019 198 1220 255 dedufta
1249 212 1316 259 est
1341 250 1356 273 ,
1376 233 1569 293 υ,ς,,,ς9,

142 249 264 283 omae
307 254 334 285 2
379 240 522 291 tribus
564 263 657 295 una
693 250 744 299 &
793 257 962 323 viginti
1012 266 1162 319 faciae.
1213 276 1356 328 AEdes
1377 291 1567 348 a.C.493.

89 295 323 353 Mercurii
355 307 576 360 dedicata
605 315 670 363 est
694 319 848 371 idibus
874 326 1032 379 Maiis.

159 366 325 420 XXII.
362 372 489 424 Cum
514 377 803 435 Volscorum
835 409 979 457 gente
1014 397 1196 452 Latino
1222 407 1353 461 bello
1405 436 1564 487 Bellum

36 426 40 428 “
89 446 248 499 neque
267 456 359 503 pax
377 477 392 499 ,
420 461 577 512 neque
597 449 777 502 bellum
801 456 952 511 fuerat
973 481 987 523 ;
1026 485 1136 516 nam
1157 472 1208 520 &
1232 474 1356 526 Vol·
1434 516 1516 544 cum

87 496 152 547 sci
178 519 580 571 comparaverant
605 521 775 570 auxilia
796 560 810 582 ‚
840 543 944 592 quae
977 535 1220 589 mitterent
1253 542 1353 593 La·
1376 556 1549 616 Volscis.

85 566 224 630 tinis,
259 576 307 621 ni
332 592 616 630 maturatum
639 586 698 634 ab
722 589 952 645 dictatore
965 597 1191 654 Romano
1213 609 1353 663 effet:

16 642 18 644 ’
87 632 145 681 &
180 647 436 694 maturavit
464 646 712 702 Romanus
749 694 763 716 ‚
809 677 870 709 ne
903 670 1068 728 praelio
1109 691 1206 724 uno
1245 697 1356 730 cum

83 697 262 755 Latino
286 705 561 780 Volscoque
593 725 923 779 contenderet.
962 734 1067 785 Hac
1090 739 1157 788 ir&
1188 747 1358 798 consu-

0 818 15 824 ν
79 766 153 816 les
188 772 234 820 in
281 773 512 828 Volscum
547 802 711 851 agrum
745 793 962 859 legiones
999 803 1193 858 duxere.
1227 812 1357 865 Vol-

79 832 187 886 scos
209 842 389 893 confilii
410 866 606 912 poenam
638 873 737 906 non
765 877 1035 919 metuentes
1065 882 1352 944 necopinata

77 918 158 952 res
203 913 422 973 perculit.
463 916 726 972 Armorum
761 928 1070 987 immemores
1098 979 1113 1002 ,
1165 948 1353 1001 obfides

77 969 197 1020 dant
221 990 465 1030 trecentos
497 989 763 1056 principum
797 1014 822 1044 a
848 999 979 1052 Cora
1012 1023 1150 1074 atque
1174 1012 1354 1069 Pome-

79 1038 147 1086 tia
180 1040 361 1095 liberos
391 1065 405 1107 3
448 1051 513 1100 ita
547 1053 644 1106 fine
687 1068 944 1119 certamine
987 1074 1100 1125 inde
1137 1081 1351 1135 abduclae

76 1103 320 1173 legiones.
366 1113 472 1165 Nec
507 1120 571 1169 ita
610 1128 763 1177 multo
805 1134 912 1197 post
950 1137 1047 1190 Vol
1103 1146 1111 1154 '

73 1188 213 1224 metu
244 1178 377 1231 suum
411 1186 553 1236 rediit
590 1192 832 1260 ingenium
867 1220 877 1229 ·

74 1257 246 1307 parant
258 1247 440 1299 bellum
459 1290 474 1313 ,
503 1254 724 1311 Hernicis
742 1266 788 1313 in
805 1267 854 1316 so

72 1308 334 1379 assumptis.
382 1317 591 1388 Legatos
645 1347 838 1399 quoque
889 1341 950 1388 ad
995 1342 1346 1407 sollicitandum

71 1374 267 1429 Latium
293 1384 458 1448 paffim
481 1389 740 1448 dimittunt.
768 1401 863 1452 Sed
885 1424 1049 1461 recens
1084 1417 1143 1465 ad
1169 1419 1343 1490 Regil-

72 1443 177 1495 lum
208 1448 364 1501 lacurn
389 1473 587 1525 accepta
612 1465 772 1517 clades
796 1486 817 1536 3
845 1472 1040 1528 Latinos
1058 1519 1073 1542 ,
1104 1486 1172 1534 ir&
1197 1492 1345 1542 odio·

71 1529 170 1579 que
203 1514 303 1580 ejus
328 1524 615 1593 quicumque
648 1551 778 1612 ajrma
807 1539 1056 1621 suaderet,
1091 1569 1151 1602 ne
1179 1557 1239 1606 ab
1269 1560 1343 1610 le-

722 2642 978 2690 abstinerent.

84 2681 90 2690 “
130 2646 253 2727 Tbm.
288 2683 329 2733 I.
486 2726 491 2731 .
1031 2707 1058 2758 Ῑ
