<?xml version="1.0" encoding="UTF-8"?>
<!DOCTYPE html PUBLIC "-//W3C//DTD XHTML 1.0 Transitional//EN"
    "http://www.w3.org/TR/xhtml1/DTD/xhtml1-transitional.dtd">
<html xmlns="http://www.w3.org/1999/xhtml" xml:lang="en" lang="en">
 <head>
  <title>
</title>
<meta http-equiv="Content-Type" content="text/html;charset=utf-8" />
  <meta name='ocr-system' content='tesseract 3.04.00' />
  <meta name='ocr-capabilities' content='ocr_page ocr_carea ocr_par ocr_line ocrx_word'/>
</head>
<body>
  <div class='ocr_page' id='page_1' title='image "./tliviipatavinihi0101livy_0565.png"; bbox 0 0 1643 3078; ppageno 0'>
   <div class='ocr_carea' id='block_1_1' title="bbox 15 156 1544 2254">
    <p class='ocr_par' dir='ltr' id='par_1_1' title="bbox 445 156 1329 237">
     <span class='ocr_line' id='line_1_1' title="bbox 445 156 1329 237; baseline 0 -24"><span class='ocrx_word' id='word_1_1' title='bbox 445 157 491 213; x_wconf 91' lang='lat' dir='ltr'>L</span> <span class='ocrx_word' id='word_1_2' title='bbox 532 171 553 210; x_wconf 85' lang='lat'>1</span> <span class='ocrx_word' id='word_1_3' title='bbox 600 169 633 210; x_wconf 85' lang='lat' dir='ltr'><strong>B</strong></span> <span class='ocrx_word' id='word_1_4' title='bbox 683 171 715 210; x_wconf 80' lang='lat' dir='ltr'>E</span> <span class='ocrx_word' id='word_1_5' title='bbox 760 172 799 212; x_wconf 81' lang='lat' dir='ltr'>R</span> <span class='ocrx_word' id='word_1_6' title='bbox 899 156 972 214; x_wconf 84' lang='lat' dir='ltr'><em>V.</em></span> <span class='ocrx_word' id='word_1_7' title='bbox 1227 173 1293 237; x_wconf 77' lang='lat'><em>52</em></span> <span class='ocrx_word' id='word_1_8' title='bbox 1310 177 1329 213; x_wconf 87' lang='lat'>1</span> 
     </span>
    </p>

    <p class='ocr_par' dir='ltr' id='par_1_2' title="bbox 59 234 1544 1787">
     <span class='ocr_line' id='line_1_2' title="bbox 76 234 1544 303; baseline 0.001 -20"><span class='ocrx_word' id='word_1_9' title='bbox 76 235 190 284; x_wconf 85' lang='lat' dir='ltr'><em>locis</em></span> <span class='ocrx_word' id='word_1_10' title='bbox 211 234 367 302; x_wconf 79' lang='lat' dir='ltr'><em>fruges</em></span> <span class='ocrx_word' id='word_1_11' title='bbox 406 237 713 294; x_wconf 76' lang='lat' dir='ltr'><em>devehantur,</em></span> <span class='ocrx_word' id='word_1_12' title='bbox 754 254 840 300; x_wconf 81' lang='lat' dir='ltr'><em>quo</em></span> <span class='ocrx_word' id='word_1_13' title='bbox 875 238 1089 285; x_wconf 79' lang='lat' dir='ltr'><em>maritimi</em></span> <span class='ocrx_word' id='word_1_14' title='bbox 1123 252 1399 294; x_wconf 75' lang='lat' dir='ltr'><em>commea-U</em></span> <span class='ocrx_word' id='word_1_15' title='bbox 1406 263 1443 294; x_wconf 76' lang='grc' dir='ltr'><em>ς</em></span> <span class='ocrx_word' id='word_1_16' title='bbox 1452 250 1544 303; x_wconf 79' lang='lat'><em>365</em></span> 
     </span>
     <span class='ocr_line' id='line_1_3' title="bbox 73 305 1541 369; baseline -0.002 -19"><span class='ocrx_word' id='word_1_17' title='bbox 73 317 147 350; x_wconf 89' lang='lat' dir='ltr'><em>tus</em></span> <span class='ocrx_word' id='word_1_18' title='bbox 170 307 486 369; x_wconf 83' lang='lat' dir='ltr'><em>accipiantur:</em></span> <span class='ocrx_word' id='word_1_19' title='bbox 514 322 630 351; x_wconf 87' lang='lat' dir='ltr'><em>mare</em></span> <span class='ocrx_word' id='word_1_20' title='bbox 656 305 857 354; x_wconf 72' lang='lat' dir='ltr'><em>vicinum</em></span> <span class='ocrx_word' id='word_1_21' title='bbox 879 306 944 350; x_wconf 78' lang='lat' dir='ltr'><em>ad</em></span> <span class='ocrx_word' id='word_1_22' title='bbox 966 308 1335 364; x_wconf 77' lang='lat' dir='ltr'><em>commoditates,</em></span> <span class='ocrx_word' id='word_1_23' title='bbox 1354 320 1385 349; x_wconf 68' lang='lat' dir='ltr'><em>a.</em></span> <span class='ocrx_word' id='word_1_24' title='bbox 1392 307 1438 350; x_wconf 78' lang='lat'><em>(,.</em></span> <span class='ocrx_word' id='word_1_25' title='bbox 1447 307 1541 361; x_wconf 79' lang='lat'><strong>387.</strong></span> 
     </span>
     <span class='ocr_line' id='line_1_4' title="bbox 73 372 1336 448; baseline 0.002 -31"><span class='ocrx_word' id='word_1_26' title='bbox 73 388 154 417; x_wconf 87' lang='lat' dir='ltr'><em>nec</em></span> <span class='ocrx_word' id='word_1_27' title='bbox 192 372 438 436; x_wconf 78' lang='lat' dir='ltr'><em>expositum</em></span> <span class='ocrx_word' id='word_1_28' title='bbox 473 372 618 419; x_wconf 65' lang='lat' dir='ltr'><em>nimia</em></span> <span class='ocrx_word' id='word_1_29' title='bbox 653 372 995 448; x_wconf 81' lang='lat' dir='ltr'><em>propinquitate</em></span> <span class='ocrx_word' id='word_1_30' title='bbox 1034 374 1098 418; x_wconf 81' lang='lat' dir='ltr'><em>ad</em></span> <span class='ocrx_word' id='word_1_31' title='bbox 1130 373 1336 436; x_wconf 84' lang='lat' dir='ltr'><em>pericula</em></span> 
     </span>
     <span class='ocr_line' id='line_1_5' title="bbox 75 437 1338 505; baseline 0.002 -21"><span class='ocrx_word' id='word_1_32' title='bbox 75 438 272 515; x_wconf 79' lang='lat' dir='ltr'><em>claffium</em></span> <span class='ocrx_word' id='word_1_33' title='bbox 307 454 582 487; x_wconf 85' lang='lat' dir='ltr'><em>externarum</em></span> <span class='ocrx_word' id='word_1_34' title='bbox 615 457 629 487; x_wconf 89' lang='grc'><em>.·</em></span> <span class='ocrx_word' id='word_1_35' title='bbox 671 441 892 505; x_wconf 79' lang='lat' dir='ltr'><em>regionum</em></span> <span class='ocrx_word' id='word_1_36' title='bbox 925 437 1075 485; x_wconf 76' lang='lat' dir='ltr'><em>Italia:</em></span> <span class='ocrx_word' id='word_1_37' title='bbox 1110 441 1338 498; x_wconf 82' lang='lat' dir='ltr'><em>medium,</em></span> 
     </span>
     <span class='ocr_line' id='line_1_6' title="bbox 75 506 1341 572; baseline 0.001 -21"><span class='ocrx_word' id='word_1_38' title='bbox 75 507 177 551; x_wconf 84' lang='lat' dir='ltr'><em>ad</em></span> <span class='ocrx_word' id='word_1_39' title='bbox 161 522 469 555; x_wconf 79' lang='lat' dir='ltr'><em>incrementum</em></span> <span class='ocrx_word' id='word_1_40' title='bbox 500 506 621 554; x_wconf 85' lang='lat' dir='ltr'><em>urbis</em></span> <span class='ocrx_word' id='word_1_41' title='bbox 648 522 806 554; x_wconf 85' lang='lat' dir='ltr'><em>natum</em></span> <span class='ocrx_word' id='word_1_42' title='bbox 835 506 966 553; x_wconf 84' lang='lat' dir='ltr'><em>unice&#39;</em></span> <span class='ocrx_word' id='word_1_43' title='bbox 990 507 1151 553; x_wconf 85' lang='lat' dir='ltr'><em>locurz.</em></span> <span class='ocrx_word' id='word_1_44' title='bbox 1192 508 1341 572; x_wconf 70' lang='lat' dir='ltr'><em>Argu-</em></span> 
     </span>
     <span class='ocr_line' id='line_1_7' title="bbox 65 573 1346 650; baseline 0.001 -30"><span class='ocrx_word' id='word_1_45' title='bbox 65 587 220 633; x_wconf 27' lang='lat' dir='ltr'><em>·mento</em></span> <span class='ocrx_word' id='word_1_46' title='bbox 242 576 298 641; x_wconf 84' lang='lat' dir='ltr'><em>est</em></span> <span class='ocrx_word' id='word_1_47' title='bbox 317 573 414 640; x_wconf 81' lang='lat' dir='ltr'><em>ipsa</em></span> <span class='ocrx_word' id='word_1_48' title='bbox 435 574 695 650; x_wconf 80' lang='lat' dir='ltr'><em>magnitudo</em></span> <span class='ocrx_word' id='word_1_49' title='bbox 726 588 818 621; x_wconf 86' lang='lat' dir='ltr'><em>tam</em></span> <span class='ocrx_word' id='word_1_50' title='bbox 845 591 974 622; x_wconf 68' lang='lat' dir='ltr'><em>novae</em></span> <span class='ocrx_word' id='word_1_51' title='bbox 992 574 1147 631; x_wconf 79' lang='lat' dir='ltr'><em>urbis,-</em></span> <span class='ocrx_word' id='word_1_52' title='bbox 1179 587 1346 621; x_wconf 87' lang='lat' dir='ltr'><em>trecen-</em></span> 
     </span>
     <span class='ocr_line' id='line_1_8' title="bbox 74 639 1340 719; baseline 0.002 -34"><span class='ocrx_word' id='word_1_53' title='bbox 74 639 156 702; x_wconf 88' lang='lat' dir='ltr'><em>tes</em></span> <span class='ocrx_word' id='word_1_54' title='bbox 135 657 252 687; x_wconf 89' lang='lat' dir='ltr'><em>mus</em></span> <span class='ocrx_word' id='word_1_55' title='bbox 276 640 579 719; x_wconf 76' lang='lat' dir='ltr'><em>sexagefimus</em></span> <span class='ocrx_word' id='word_1_56' title='bbox 613 644 799 704; x_wconf 83' lang='lat' dir='ltr'><em>quintus</em></span> <span class='ocrx_word' id='word_1_57' title='bbox 826 659 976 688; x_wconf 78' lang='lat' dir='ltr'><em>annus</em></span> <span class='ocrx_word' id='word_1_58' title='bbox 999 641 1149 698; x_wconf 84' lang='lat' dir='ltr'><em>urbis,</em></span> <span class='ocrx_word' id='word_1_59' title='bbox 1179 642 1340 704; x_wconf 76' lang='lat' dir='ltr'><em>Quiri·-</em></span> 
     </span>
     <span class='ocr_line' id='line_1_9' title="bbox 75 706 1339 775; baseline 0.002 -22"><span class='ocrx_word' id='word_1_60' title='bbox 75 720 176 765; x_wconf 78' lang='lat' dir='ltr'><em>tes,</em></span> <span class='ocrx_word' id='word_1_61' title='bbox 210 712 397 775; x_wconf 80' lang='lat' dir='ltr'><em>agitur;</em></span> <span class='ocrx_word' id='word_1_62' title='bbox 431 711 546 756; x_wconf 88' lang='lat' dir='ltr'><em>inter</em></span> <span class='ocrx_word' id='word_1_63' title='bbox 570 722 635 755; x_wconf 91' lang='lat' dir='ltr'><em>tot</em></span> <span class='ocrx_word' id='word_1_64' title='bbox 658 706 907 757; x_wconf 73' lang='lat' dir='ltr'><em>veterrimos</em></span> <span class='ocrx_word' id='word_1_65' title='bbox 933 709 1135 774; x_wconf 76' lang='lat' dir='ltr'><em>populos</em></span> <span class='ocrx_word' id='word_1_66' title='bbox 1163 710 1339 756; x_wconf 82' lang='lat' dir='ltr'><em>tamdiu</em></span> 
     </span>
     <span class='ocr_line' id='line_1_10' title="bbox 74 775 1342 842; baseline 0.002 -22"><span class='ocrx_word' id='word_1_67' title='bbox 74 775 194 821; x_wconf 80' lang='lat' dir='ltr'><em>bella</em></span> <span class='ocrx_word' id='word_1_68' title='bbox 222 778 377 842; x_wconf 78' lang='lat' dir='ltr'><em>geritis</em></span> <span class='ocrx_word' id='word_1_69' title='bbox 406 795 421 825; x_wconf 89' lang='grc'><em>.·</em></span> <span class='ocrx_word' id='word_1_70' title='bbox 467 793 600 840; x_wconf 88' lang='lat' dir='ltr'><em>quum</em></span> <span class='ocrx_word' id='word_1_71' title='bbox 630 777 795 823; x_wconf 86' lang='lat' dir='ltr'><em>interea</em></span> <span class='ocrx_word' id='word_1_72' title='bbox 813 813 830 833; x_wconf 86' lang='lat'><em>‚</em></span> <span class='ocrx_word' id='word_1_73' title='bbox 868 795 921 822; x_wconf 92' lang='lat' dir='ltr'><em>ne</em></span> <span class='ocrx_word' id='word_1_74' title='bbox 941 776 1152 841; x_wconf 74' lang='lat' dir='ltr'><em>singulis</em></span> <span class='ocrx_word' id='word_1_75' title='bbox 1179 776 1342 840; x_wconf 82' lang='lat' dir='ltr'><em>loquar</em></span> 
     </span>
     <span class='ocr_line' id='line_1_11' title="bbox 74 841 1339 910; baseline 0.002 -22"><span class='ocrx_word' id='word_1_76' title='bbox 74 843 232 901; x_wconf 67' lang='lat' dir='ltr'><em>urbeS,</em></span> <span class='ocrx_word' id='word_1_77' title='bbox 271 862 362 891; x_wconf 86' lang='lat' dir='ltr'><em>non</em></span> <span class='ocrx_word' id='word_1_78' title='bbox 387 842 611 910; x_wconf 63' lang='lat' dir='ltr'><em>conjunb&#39;li</em></span> <span class='ocrx_word' id='word_1_79' title='bbox 628 844 915 907; x_wconf 80' lang='lat' dir='ltr'><em>cumAEquis</em></span> <span class='ocrx_word' id='word_1_80' title='bbox 942 841 1126 906; x_wconf 86' lang='lat' dir='ltr'><em>Volsci,</em></span> <span class='ocrx_word' id='word_1_81' title='bbox 1154 857 1220 890; x_wconf 87' lang='lat' dir='ltr'><em>tot</em></span> <span class='ocrx_word' id='word_1_82' title='bbox 1245 857 1339 891; x_wconf 83' lang='lat' dir='ltr'><em>tarn</em></span> 
     </span>
     <span class='ocr_line' id='line_1_12' title="bbox 74 908 1341 987; baseline 0.001 -30"><span class='ocrx_word' id='word_1_83' title='bbox 74 911 238 958; x_wconf 77' lang='lat' dir='ltr'><em>valida</em></span> <span class='ocrx_word' id='word_1_84' title='bbox 257 913 466 977; x_wconf 81' lang='lat' dir='ltr'><em>oppida,</em></span> <span class='ocrx_word' id='word_1_85' title='bbox 499 929 590 958; x_wconf 86' lang='lat' dir='ltr'><em>non</em></span> <span class='ocrx_word' id='word_1_86' title='bbox 612 908 816 987; x_wconf 82' lang='lat' dir='ltr'><em>universa</em></span> <span class='ocrx_word' id='word_1_87' title='bbox 834 912 1020 958; x_wconf 78' lang='lat' dir='ltr'><em>Etruria</em></span> <span class='ocrx_word' id='word_1_88' title='bbox 1048 925 1224 958; x_wconf 80' lang='lat' dir='ltr'><em>tanturn</em></span> <span class='ocrx_word' id='word_1_89' title='bbox 1254 927 1341 959; x_wconf 87' lang='lat' dir='ltr'><em>ter-</em></span> 
     </span>
     <span class='ocr_line' id='line_1_13' title="bbox 73 978 1341 1044; baseline 0.002 -20"><span class='ocrx_word' id='word_1_90' title='bbox 73 994 121 1024; x_wconf 85' lang='lat' dir='ltr'><em>ra</em></span> <span class='ocrx_word' id='word_1_91' title='bbox 158 981 356 1043; x_wconf 82' lang='lat' dir='ltr'><em>marique</em></span> <span class='ocrx_word' id='word_1_92' title='bbox 381 978 598 1044; x_wconf 74' lang='lat' dir='ltr'><em>pollenS,</em></span> <span class='ocrx_word' id='word_1_93' title='bbox 628 993 761 1042; x_wconf 81' lang='lat' dir='ltr'><em>atque</em></span> <span class='ocrx_word' id='word_1_94' title='bbox 789 980 904 1025; x_wconf 87' lang='lat' dir='ltr'><em>inter</em></span> <span class='ocrx_word' id='word_1_95' title='bbox 931 979 1019 1025; x_wconf 87' lang='lat' dir='ltr'><em>duo</em></span> <span class='ocrx_word' id='word_1_96' title='bbox 1053 979 1195 1025; x_wconf 86' lang='lat' dir='ltr'><em>maria</em></span> <span class='ocrx_word' id='word_1_97' title='bbox 1231 978 1341 1027; x_wconf 80' lang='lat' dir='ltr'><em>lati-</em></span> 
     </span>
     <span class='ocr_line' id='line_1_14' title="bbox 74 1044 1346 1110; baseline 0.002 -19"><span class='ocrx_word' id='word_1_98' title='bbox 74 1046 273 1093; x_wconf 83' lang='lat' dir='ltr'><em>tudinem</em></span> <span class='ocrx_word' id='word_1_99' title='bbox 295 1047 498 1105; x_wconf 83' lang='lat' dir='ltr'><em>obtinens</em></span> <span class='ocrx_word' id='word_1_100' title='bbox 515 1046 699 1104; x_wconf 83' lang='lat' dir='ltr'><em>Italiae,</em></span> <span class='ocrx_word' id='word_1_101' title='bbox 726 1044 840 1093; x_wconf 85' lang='lat' dir='ltr'><em>bello</em></span> <span class='ocrx_word' id='word_1_102' title='bbox 857 1046 988 1094; x_wconf 78' lang='lat' dir='ltr'><em>vobis</em></span> <span class='ocrx_word' id='word_1_103' title='bbox 997 1063 1089 1110; x_wconf 81' lang='lat' dir='ltr'><em>par</em></span> <span class='ocrx_word' id='word_1_104' title='bbox 1100 1046 1170 1110; x_wconf 83' lang='lat' dir='ltr'><em>est.</em></span> <span class='ocrx_word' id='word_1_105' title='bbox 1199 1047 1346 1109; x_wconf 69' lang='lat' dir='ltr'><em>Quod</em></span> 
     </span>
     <span class='ocr_line' id='line_1_15' title="bbox 72 1111 1342 1187; baseline 0 -27"><span class='ocrx_word' id='word_1_106' title='bbox 72 1131 207 1176; x_wconf 85' lang='lat' dir='ltr'><em>quum</em></span> <span class='ocrx_word' id='word_1_107' title='bbox 231 1115 409 1178; x_wconf 87' lang='lat' dir='ltr'><em>itast</em></span> <span class='ocrx_word' id='word_1_108' title='bbox 435 1131 531 1179; x_wconf 78' lang='lat' dir='ltr'><em>quae</em></span> <span class='ocrx_word' id='word_1_109' title='bbox 563 1113 768 1187; x_wconf 80' lang='lat' dir='ltr'><em>(malum</em></span> <span class='ocrx_word' id='word_1_110' title='bbox 792 1111 814 1178; x_wconf 88' lang='lat'>)</span> <span class='ocrx_word' id='word_1_111' title='bbox 844 1114 961 1160; x_wconf 86' lang='lat' dir='ltr'><em>ratio</em></span> <span class='ocrx_word' id='word_1_112' title='bbox 989 1114 1046 1178; x_wconf 85' lang='lat' dir='ltr'><em>est</em></span> <span class='ocrx_word' id='word_1_113' title='bbox 1082 1115 1112 1160; x_wconf 83' lang='lat'>6</span> <span class='ocrx_word' id='word_1_114' title='bbox 1144 1116 1342 1178; x_wconf 80' lang='lat' dir='ltr'><em>expertis</em></span> 
     </span>
     <span class='ocr_line' id='line_1_16' title="bbox 70 1180 1337 1247; baseline 0.002 -21"><span class='ocrx_word' id='word_1_115' title='bbox 70 1180 172 1227; x_wconf 88' lang='lat' dir='ltr'><em>alia</em></span> <span class='ocrx_word' id='word_1_116' title='bbox 194 1183 415 1247; x_wconf 85' lang='lat' dir='ltr'><em>experiri,</em></span> <span class='ocrx_word' id='word_1_117' title='bbox 449 1200 582 1247; x_wconf 83' lang='lat' dir='ltr'><em>quum</em></span> <span class='ocrx_word' id='word_1_118' title='bbox 597 1200 734 1247; x_wconf 83' lang='lat' dir='ltr'><em>Jam,</em></span> <span class='ocrx_word' id='word_1_119' title='bbox 767 1196 816 1228; x_wconf 87' lang='lat' dir='ltr'><em>ut</em></span> <span class='ocrx_word' id='word_1_120' title='bbox 835 1182 980 1230; x_wconf 74' lang='lat' dir='ltr'><em>virtus</em></span> <span class='ocrx_word' id='word_1_121' title='bbox 998 1181 1137 1246; x_wconf 75' lang='lat' dir='ltr'><em>vestra</em></span> <span class='ocrx_word' id='word_1_122' title='bbox 1157 1181 1337 1244; x_wconf 80' lang='lat' dir='ltr'><em>transire</em></span> 
     </span>
     <span class='ocr_line' id='line_1_17' title="bbox 72 1245 1335 1314; baseline 0.002 -21"><span class='ocrx_word' id='word_1_123' title='bbox 72 1248 168 1294; x_wconf 73' lang='lat' dir='ltr'><em>alio</em></span> <span class='ocrx_word' id='word_1_124' title='bbox 197 1249 311 1314; x_wconf 85' lang='lat' dir='ltr'><em>poff</em></span> <span class='ocrx_word' id='word_1_125' title='bbox 249 1249 328 1312; x_wconf 86' lang='lat' dir='ltr'><em>ffit</em></span> <span class='ocrx_word' id='word_1_126' title='bbox 344 1246 574 1313; x_wconf 76' lang='lat' dir='ltr'><em>,fortuna</em></span> <span class='ocrx_word' id='word_1_127' title='bbox 602 1249 709 1296; x_wconf 64' lang='lat' dir='ltr'><em>certe*</em></span> <span class='ocrx_word' id='word_1_128' title='bbox 729 1249 819 1295; x_wconf 88' lang='lat' dir='ltr'><em>loci</em></span> <span class='ocrx_word' id='word_1_129' title='bbox 840 1246 976 1314; x_wconf 78' lang='lat' dir='ltr'><em>liujus</em></span> <span class='ocrx_word' id='word_1_130' title='bbox 997 1245 1224 1313; x_wconf 78' lang='lat' dir='ltr'><em>transferri</em></span> <span class='ocrx_word' id='word_1_131' title='bbox 1242 1266 1335 1296; x_wconf 89' lang='lat' dir='ltr'><em>non</em></span> 
     </span>
     <span class='ocr_line' id='line_1_18' title="bbox 62 1315 1337 1382; baseline 0.001 -21"><span class='ocrx_word' id='word_1_132' title='bbox 62 1315 181 1380; x_wconf 83' lang='lat' dir='ltr'><em>poff</em></span> <span class='ocrx_word' id='word_1_133' title='bbox 179 1329 221 1365; x_wconf 94' lang='lat' dir='ltr'><em>t</em></span> <span class='ocrx_word' id='word_1_134' title='bbox 217 1319 238 1351; x_wconf 70' lang='grc' dir='ltr'><em>Ρ</em></span> <span class='ocrx_word' id='word_1_135' title='bbox 262 1316 360 1365; x_wconf 77' lang='lat' dir='ltr'><em>Hic</em></span> <span class='ocrx_word' id='word_1_136' title='bbox 383 1316 655 1382; x_wconf 78' lang='lat' dir='ltr'><em>Capitolium</em></span> <span class='ocrx_word' id='word_1_137' title='bbox 677 1318 732 1382; x_wconf 83' lang='lat' dir='ltr'><em>est</em></span> <span class='ocrx_word' id='word_1_138' title='bbox 750 1352 768 1374; x_wconf 89' lang='lat'><em>,</em></span> <span class='ocrx_word' id='word_1_139' title='bbox 806 1316 884 1363; x_wconf 81' lang='lat' dir='ltr'><em>ubi</em></span> <span class='ocrx_word' id='word_1_140' title='bbox 910 1317 1165 1381; x_wconf 79' lang='lat' dir='ltr'><em>quondam,</em></span> <span class='ocrx_word' id='word_1_141' title='bbox 1187 1317 1337 1382; x_wconf 80' lang='lat' dir='ltr'><em>capite</em></span> 
     </span>
     <span class='ocr_line' id='line_1_19' title="bbox 72 1382 1339 1460; baseline 0.001 -30"><span class='ocrx_word' id='word_1_142' title='bbox 72 1384 304 1432; x_wconf 75' lang='lat' dir='ltr'><em>humano</em></span> <span class='ocrx_word' id='word_1_143' title='bbox 288 1399 502 1442; x_wconf 73' lang='lat' dir='ltr'><em>invento,</em></span> <span class='ocrx_word' id='word_1_144' title='bbox 533 1382 778 1460; x_wconf 80' lang='lat' dir='ltr'><em>responsum</em></span> <span class='ocrx_word' id='word_1_145' title='bbox 800 1384 857 1449; x_wconf 89' lang='lat' dir='ltr'><em>est</em></span> <span class='ocrx_word' id='word_1_146' title='bbox 872 1420 891 1441; x_wconf 89' lang='lat'><em>,</em></span> <span class='ocrx_word' id='word_1_147' title='bbox 925 1401 973 1430; x_wconf 88' lang='lat' dir='ltr'><em>eo</em></span> <span class='ocrx_word' id='word_1_148' title='bbox 1000 1382 1097 1430; x_wconf 89' lang='lat' dir='ltr'><em>loco</em></span> <span class='ocrx_word' id='word_1_149' title='bbox 1124 1398 1262 1449; x_wconf 79' lang='lat' dir='ltr'><em>caput</em></span> <span class='ocrx_word' id='word_1_150' title='bbox 1279 1402 1339 1431; x_wconf 90' lang='lat' dir='ltr'><em>re</em></span> 
     </span>
     <span class='ocr_line' id='line_1_20' title="bbox 69 1447 1358 1516; baseline 0.001 -18"><span class='ocrx_word' id='word_1_151' title='bbox 69 1469 162 1502; x_wconf 81' lang='lat' dir='ltr'><em>rum</em></span> <span class='ocrx_word' id='word_1_152' title='bbox 185 1488 204 1509; x_wconf 82' lang='lat'><em>,</em></span> <span class='ocrx_word' id='word_1_153' title='bbox 231 1449 540 1516; x_wconf 73' lang='lat' dir='ltr'><em>summamque</em></span> <span class='ocrx_word' id='word_1_154' title='bbox 568 1454 740 1516; x_wconf 77' lang='lat' dir='ltr'><em>imperii</em></span> <span class='ocrx_word' id='word_1_155' title='bbox 725 1447 889 1515; x_wconf 69' lang='lat' dir='ltr'><em>¹·fore</em></span> <span class='ocrx_word' id='word_1_156' title='bbox 867 1489 887 1510; x_wconf 91' lang='lat'><em>,</em></span> <span class='ocrx_word' id='word_1_157' title='bbox 920 1450 992 1499; x_wconf 65' lang='lat' dir='ltr'><em>liic</em></span> <span class='ocrx_word' id='word_1_158' title='bbox 1005 1488 1022 1509; x_wconf 91' lang='lat'>‚</span> <span class='ocrx_word' id='word_1_159' title='bbox 1042 1466 1073 1512; x_wconf 91' lang='lat'>7</span> <span class='ocrx_word' id='word_1_160' title='bbox 1097 1469 1232 1515; x_wconf 81' lang='lat' dir='ltr'><em>quum</em></span> <span class='ocrx_word' id='word_1_161' title='bbox 1252 1469 1335 1499; x_wconf 86' lang='lat' dir='ltr'><em>au-</em></span> <span class='ocrx_word' id='word_1_162' title='bbox 1353 1508 1358 1512; x_wconf 90' lang='lat'><em>.</em></span> 
     </span>
     <span class='ocr_line' id='line_1_21' title="bbox 62 1518 1338 1584; baseline 0.002 -20"><span class='ocrx_word' id='word_1_163' title='bbox 62 1519 224 1583; x_wconf 77' lang='lat' dir='ltr'><em>gurato</em></span> <span class='ocrx_word' id='word_1_164' title='bbox 255 1520 509 1567; x_wconf 82' lang='lat' dir='ltr'><em>liberaretur</em></span> <span class='ocrx_word' id='word_1_165' title='bbox 542 1519 816 1584; x_wconf 82' lang='lat' dir='ltr'><em>Capitolium</em></span> <span class='ocrx_word' id='word_1_166' title='bbox 846 1556 864 1576; x_wconf 87' lang='lat'><em>,</em></span> <span class='ocrx_word' id='word_1_167' title='bbox 909 1518 1134 1567; x_wconf 74' lang='lat' dir='ltr'><em>Iuventas</em></span> <span class='ocrx_word' id='word_1_168' title='bbox 1170 1520 1338 1566; x_wconf 74' lang='lat' dir='ltr'><em>Termi-</em></span> 
     </span>
     <span class='ocr_line' id='line_1_22' title="bbox 15 1583 1336 1664; baseline 0.001 -32.041"><span class='ocrx_word' id='word_1_169' title='bbox 15 1583 235 1664; x_wconf 86' lang='lat' dir='ltr'><em>nusque</em></span> <span class='ocrx_word' id='word_1_170' title='bbox 264 1588 465 1634; x_wconf 84' lang='lat' dir='ltr'><em>maximo</em></span> <span class='ocrx_word' id='word_1_171' title='bbox 489 1588 658 1652; x_wconf 81' lang='lat' dir='ltr'><em>gaudio</em></span> <span class='ocrx_word' id='word_1_172' title='bbox 686 1602 867 1652; x_wconf 83' lang='lat' dir='ltr'><em>patrum</em></span> <span class='ocrx_word' id='word_1_173' title='bbox 900 1587 1137 1651; x_wconf 81' lang='lat' dir='ltr'><em>nostrorum</em></span> <span class='ocrx_word' id='word_1_174' title='bbox 1168 1588 1336 1634; x_wconf 74' lang='lat' dir='ltr'><em>moveri</em></span> 
     </span>
     <span class='ocr_line' id='line_1_23' title="bbox 15 1645 1336 1734; baseline 0.001 -34.034"><span class='ocrx_word' id='word_1_175' title='bbox 15 1645 111 1715; x_wconf 83' lang='lat' dir='ltr'><em>Je</em></span> <span class='ocrx_word' id='word_1_176' title='bbox 137 1671 230 1700; x_wconf 87' lang='lat' dir='ltr'><em>non</em></span> <span class='ocrx_word' id='word_1_177' title='bbox 252 1654 406 1734; x_wconf 74' lang='lat' dir='ltr'><em>paffi3</em></span> <span class='ocrx_word' id='word_1_178' title='bbox 439 1654 511 1701; x_wconf 73' lang='lat' dir='ltr'><em>hic</em></span> <span class='ocrx_word' id='word_1_179' title='bbox 550 1655 682 1719; x_wconf 82' lang='lat' dir='ltr'><em>Vestae</em></span> <span class='ocrx_word' id='word_1_180' title='bbox 711 1655 806 1719; x_wconf 80' lang='lat' dir='ltr'><em>ign</em></span> <span class='ocrx_word' id='word_1_181' title='bbox 790 1672 869 1712; x_wconf 83' lang='lat' dir='ltr'><em>es,</em></span> <span class='ocrx_word' id='word_1_182' title='bbox 909 1653 980 1700; x_wconf 68' lang='lat' dir='ltr'><em>hic</em></span> <span class='ocrx_word' id='word_1_183' title='bbox 1012 1653 1187 1700; x_wconf 79' lang='lat' dir='ltr'><em>ancilia</em></span> <span class='ocrx_word' id='word_1_184' title='bbox 1223 1654 1336 1701; x_wconf 78' lang='lat' dir='ltr'><em>coelo</em></span> 
     </span>
     <span class='ocr_line' id='line_1_24' title="bbox 69 1719 1298 1787; baseline 0.001 -20"><span class='ocrx_word' id='word_1_185' title='bbox 69 1719 285 1784; x_wconf 82' lang='lat' dir='ltr'><em>clemiffa,</em></span> <span class='ocrx_word' id='word_1_186' title='bbox 312 1720 384 1769; x_wconf 73' lang='lat' dir='ltr'><em>hic</em></span> <span class='ocrx_word' id='word_1_187' title='bbox 404 1739 553 1768; x_wconf 82' lang='lat' dir='ltr'><em>omnes</em></span> <span class='ocrx_word' id='word_1_188' title='bbox 563 1723 754 1787; x_wconf 84' lang='lat' dir='ltr'><em>propitii</em></span> <span class='ocrx_word' id='word_1_189' title='bbox 772 1721 1051 1769; x_wconf 82' lang='lat' dir='ltr'><em>manentibus</em></span> <span class='ocrx_word' id='word_1_190' title='bbox 1065 1721 1195 1768; x_wconf 75' lang='lat' dir='ltr'><em>vohis</em></span> <span class='ocrx_word' id='word_1_191' title='bbox 1213 1722 1298 1768; x_wconf 81' lang='lat' dir='ltr'><em>dii..</em></span> 
     </span>
    </p>

    <p class='ocr_par' dir='ltr' id='par_1_3' title="bbox 63 1785 1343 2254">
     <span class='ocr_line' id='line_1_25' title="bbox 131 1785 1335 1845; baseline 0 -10"><span class='ocrx_word' id='word_1_192' title='bbox 131 1785 240 1837; x_wconf 85' lang='lat' dir='ltr'><em>LV.</em></span> <span class='ocrx_word' id='word_1_193' title='bbox 258 1787 465 1837; x_wconf 81' lang='lat' dir='ltr'><em>Movisse</em></span> <span class='ocrx_word' id='word_1_194' title='bbox 486 1805 573 1837; x_wconf 84' lang='lat' dir='ltr'><em>eos</em></span> <span class='ocrx_word' id='word_1_195' title='bbox 595 1787 827 1837; x_wconf 81' lang='lat' dir='ltr'><em>Camillus</em></span> <span class='ocrx_word' id='word_1_196' title='bbox 844 1801 945 1836; x_wconf 85' lang='lat' dir='ltr'><em>tum</em></span> <span class='ocrx_word' id='word_1_197' title='bbox 966 1787 1057 1834; x_wconf 79' lang='lat' dir='ltr'><em>alia</em></span> <span class='ocrx_word' id='word_1_198' title='bbox 1075 1789 1297 1836; x_wconf 87' lang='lat' dir='ltr'><em>oratione</em></span> <span class='ocrx_word' id='word_1_199' title='bbox 1317 1825 1335 1845; x_wconf 88' lang='lat'>‚</span> 
     </span>
     <span class='ocr_line' id='line_1_26' title="bbox 63 1854 1337 1922; baseline 0 -19"><span class='ocrx_word' id='word_1_200' title='bbox 63 1868 165 1903; x_wconf 81' lang='lat' dir='ltr'><em>tum</em></span> <span class='ocrx_word' id='word_1_201' title='bbox 202 1873 260 1903; x_wconf 82' lang='lat' dir='ltr'><em>ea</em></span> <span class='ocrx_word' id='word_1_202' title='bbox 295 1874 400 1920; x_wconf 85' lang='lat' dir='ltr'><em>quae</em></span> <span class='ocrx_word' id='word_1_203' title='bbox 433 1856 494 1904; x_wconf 83' lang='lat' dir='ltr'><em>ad</em></span> <span class='ocrx_word' id='word_1_204' title='bbox 524 1856 779 1922; x_wconf 84' lang='lat' dir='ltr'><em>religiones</em></span> <span class='ocrx_word' id='word_1_205' title='bbox 814 1854 1086 1920; x_wconf 82' lang='lat' dir='ltr'><em>pertinebat</em></span> <span class='ocrx_word' id='word_1_206' title='bbox 1128 1855 1337 1903; x_wconf 83' lang='lat' dir='ltr'><em>maxime</em></span> 
     </span>
     <span class='ocr_line' id='line_1_27' title="bbox 66 1923 1342 1987; baseline -0.001 -17"><span class='ocrx_word' id='word_1_207' title='bbox 66 1923 255 1971; x_wconf 86' lang='lat' dir='ltr'><em>dicitur.</em></span> <span class='ocrx_word' id='word_1_208' title='bbox 301 1923 398 1972; x_wconf 87' lang='lat' dir='ltr'><em>Sed</em></span> <span class='ocrx_word' id='word_1_209' title='bbox 432 1941 531 1972; x_wconf 88' lang='lat' dir='ltr'><em>rem</em></span> <span class='ocrx_word' id='word_1_210' title='bbox 571 1923 765 1972; x_wconf 87' lang='lat' dir='ltr'><em>dubiam</em></span> <span class='ocrx_word' id='word_1_211' title='bbox 805 1923 1022 1971; x_wconf 86' lang='lat' dir='ltr'><em>decrevit</em></span> <span class='ocrx_word' id='word_1_212' title='bbox 1061 1923 1342 1987; x_wconf 71' lang='lat' dir='ltr'><em>opportune</em></span> 
     </span>
     <span class='ocr_line' id='line_1_28' title="bbox 63 1989 1343 2057; baseline -0.001 -18"><span class='ocrx_word' id='word_1_213' title='bbox 63 1989 94 2039; x_wconf 91' lang='lat'><em>8</em></span> <span class='ocrx_word' id='word_1_214' title='bbox 121 2007 220 2039; x_wconf 83' lang='lat' dir='ltr'><em>vox</em></span> <span class='ocrx_word' id='word_1_215' title='bbox 249 1989 409 2039; x_wconf 70' lang='lat' dir='ltr'><em>emissa</em></span> <span class='ocrx_word' id='word_1_216' title='bbox 434 1990 640 2057; x_wconf 74' lang='lat' dir='ltr'><em>,qubd‚</em></span> <span class='ocrx_word' id='word_1_217' title='bbox 671 2007 819 2057; x_wconf 85' lang='lat' dir='ltr'><em>quum</em></span> <span class='ocrx_word' id='word_1_218' title='bbox 843 1989 1025 2039; x_wconf 86' lang='lat' dir='ltr'><em>senatus</em></span> <span class='ocrx_word' id='word_1_219' title='bbox 1044 1989 1150 2055; x_wconf 87' lang='lat' dir='ltr'><em>post</em></span> <span class='ocrx_word' id='word_1_220' title='bbox 1175 1990 1343 2056; x_wconf 83' lang='lat' dir='ltr'><em>paullo</em></span> 
     </span>
     <span class='ocr_line' id='line_1_29' title="bbox 70 2056 1342 2122; baseline 0.001 -17"><span class='ocrx_word' id='word_1_221' title='bbox 70 2057 132 2106; x_wconf 91' lang='lat' dir='ltr'><em>de</em></span> <span class='ocrx_word' id='word_1_222' title='bbox 161 2057 233 2105; x_wconf 85' lang='lat' dir='ltr'><em>his</em></span> <span class='ocrx_word' id='word_1_223' title='bbox 263 2058 434 2107; x_wconf 85' lang='lat' dir='ltr'><em>rebus&#39;</em></span> <span class='ocrx_word' id='word_1_224' title='bbox 425 2077 471 2106; x_wconf 86' lang='lat' dir='ltr'><em>m</em></span> <span class='ocrx_word' id='word_1_225' title='bbox 506 2073 536 2122; x_wconf 74' lang='grc' dir='ltr'><em>ε)-</em></span> <span class='ocrx_word' id='word_1_226' title='bbox 558 2060 685 2107; x_wconf 86' lang='lat' dir='ltr'><em>curia</em></span> <span class='ocrx_word' id='word_1_227' title='bbox 706 2056 911 2106; x_wconf 81' lang='lat' dir='ltr'><em>Hostilia</em></span> <span class='ocrx_word' id='word_1_228' title='bbox 929 2057 1219 2117; x_wconf 86' lang='lat' dir='ltr'><em>haberetur,</em></span> <span class='ocrx_word' id='word_1_229' title='bbox 1252 2074 1342 2106; x_wconf 91' lang='lat' dir='ltr'><em>co-</em></span> 
     </span>
     <span class='ocr_line' id='line_1_30' title="bbox 65 2123 1343 2192; baseline -0.001 -19"><span class='ocrx_word' id='word_1_230' title='bbox 65 2123 323 2191; x_wconf 85' lang='lat' dir='ltr'><em>hortesque</em></span> <span class='ocrx_word' id='word_1_231' title='bbox 345 2143 404 2174; x_wconf 83' lang='lat' dir='ltr'><em>ex</em></span> <span class='ocrx_word' id='word_1_232' title='bbox 430 2124 654 2192; x_wconf 87' lang='lat' dir='ltr'><em>praefidiis</em></span> <span class='ocrx_word' id='word_1_233' title='bbox 677 2139 1011 2186; x_wconf 83' lang='lat' dir='ltr'><em>revertentes,</em></span> <span class='ocrx_word' id='word_1_234' title='bbox 1039 2123 1166 2173; x_wconf 72' lang='lat' dir='ltr'><em>forte</em></span> <span class='ocrx_word' id='word_1_235' title='bbox 1186 2127 1343 2192; x_wconf 82' lang='lat' dir='ltr'><em>agmi-</em></span> 
     </span>
     <span class='ocr_line' id='line_1_31' title="bbox 67 2191 1343 2254; baseline 0 -12"><span class='ocrx_word' id='word_1_236' title='bbox 67 2209 130 2242; x_wconf 85' lang='lat' dir='ltr'><em>ne</em></span> <span class='ocrx_word' id='word_1_237' title='bbox 160 2191 322 2243; x_wconf 85' lang='lat' dir='ltr'><em>forum</em></span> <span class='ocrx_word' id='word_1_238' title='bbox 352 2192 635 2254; x_wconf 74' lang='lat' dir='ltr'><em>transirent,</em></span> <span class='ocrx_word' id='word_1_239' title='bbox 683 2194 899 2243; x_wconf 84' lang='lat' dir='ltr'><em>centurio</em></span> <span class='ocrx_word' id='word_1_240' title='bbox 931 2194 980 2240; x_wconf 87' lang='lat' dir='ltr'><em>in</em></span> <span class='ocrx_word' id='word_1_241' title='bbox 1014 2193 1216 2242; x_wconf 82' lang='lat' dir='ltr'><em>comitio</em></span> <span class='ocrx_word' id='word_1_242' title='bbox 1252 2209 1343 2242; x_wconf 78' lang='lat' dir='ltr'><em>ex-</em></span> 
     </span>
    </p>
   </div>
   <div class='ocr_carea' id='block_1_2' title="bbox 68 2307 1348 2732">
    <p class='ocr_par' dir='ltr' id='par_1_4' title="bbox 68 2307 1348 2732">
     <span class='ocr_line' id='line_1_32' title="bbox 131 2307 1343 2364; baseline 0 -14"><span class='ocrx_word' id='word_1_243' title='bbox 131 2310 157 2350; x_wconf 87' lang='lat'>6</span> <span class='ocrx_word' id='word_1_244' title='bbox 179 2309 398 2364; x_wconf 74' lang='lat' dir='ltr'><em>Expertis]</em></span> <span class='ocrx_word' id='word_1_245' title='bbox 433 2308 566 2363; x_wconf 79' lang='lat' dir='ltr'><em>Hujus</em></span> <span class='ocrx_word' id='word_1_246' title='bbox 592 2309 672 2349; x_wconf 84' lang='lat' dir='ltr'><em>loci</em></span> <span class='ocrx_word' id='word_1_247' title='bbox 693 2361 696 2364; x_wconf 24' lang='grc' dir='ltr'><strong><em>Ι</em></strong></span> <span class='ocrx_word' id='word_1_248' title='bbox 734 2320 818 2350; x_wconf 78' lang='lat' dir='ltr'><em>tota</em></span> <span class='ocrx_word' id='word_1_249' title='bbox 835 2307 1247 2362; x_wconf 69' lang='lat' dir='ltr'><em>lons.V1d.supra1‚</em></span> <span class='ocrx_word' id='word_1_250' title='bbox 1266 2318 1343 2360; x_wconf 62' lang='grc' dir='ltr'><em>ῖς.</em></span> 
     </span>
     <span class='ocr_line' id='line_1_33' title="bbox 68 2367 1342 2422; baseline -0.001 -12"><span class='ocrx_word' id='word_1_251' title='bbox 68 2385 115 2411; x_wconf 77' lang='grc' dir='ltr'><em>εις</em></span> <span class='ocrx_word' id='word_1_252' title='bbox 138 2371 229 2411; x_wconf 71' lang='lat' dir='ltr'><em>fitfis</em></span> <span class='ocrx_word' id='word_1_253' title='bbox 255 2372 597 2411; x_wconf 69' lang='lat' dir='ltr'><em>commoditatem.</em></span> <span class='ocrx_word' id='word_1_254' title='bbox 800 2371 822 2410; x_wconf 88' lang='lat'>8</span> <span class='ocrx_word' id='word_1_255' title='bbox 846 2368 939 2411; x_wconf 82' lang='lat' dir='ltr'><em>Vox</em></span> <span class='ocrx_word' id='word_1_256' title='bbox 959 2367 1114 2422; x_wconf 83' lang='lat' dir='ltr'><em>emiffa]</em></span> <span class='ocrx_word' id='word_1_257' title='bbox 1134 2368 1342 2417; x_wconf 72' lang='lat' dir='ltr'><em>Temer&#39;e,</em></span> 
     </span>
     <span class='ocr_line' id='line_1_34' title="bbox 134 2431 1346 2490; baseline -0.001 -20"><span class='ocrx_word' id='word_1_258' title='bbox 134 2447 159 2484; x_wconf 88' lang='lat'><strong>7</strong></span> <span class='ocrx_word' id='word_1_259' title='bbox 189 2432 316 2490; x_wconf 77' lang='lat' dir='ltr'><em>Quum</em></span> <span class='ocrx_word' id='word_1_260' title='bbox 330 2433 519 2487; x_wconf 72' lang='lat' dir='ltr'><em>augurato</em></span> <span class='ocrx_word' id='word_1_261' title='bbox 533 2431 674 2472; x_wconf 63' lang='lat' dir='ltr'><em>libera·</em></span> <span class='ocrx_word' id='word_1_262' title='bbox 737 2433 785 2471; x_wconf 82' lang='lat' dir='ltr'><em>ab</em></span> <span class='ocrx_word' id='word_1_263' title='bbox 799 2446 848 2472; x_wconf 84' lang='lat' dir='ltr'><em>eo</em></span> <span class='ocrx_word' id='word_1_264' title='bbox 866 2431 1027 2471; x_wconf 87' lang='lat' dir='ltr'><em>homine</em></span> <span class='ocrx_word' id='word_1_265' title='bbox 1045 2431 1112 2484; x_wconf 85' lang='lat' dir='ltr'><em>qui</em></span> <span class='ocrx_word' id='word_1_266' title='bbox 1128 2431 1240 2470; x_wconf 84' lang='lat' dir='ltr'><em>nullo</em></span> <span class='ocrx_word' id='word_1_267' title='bbox 1257 2444 1346 2470; x_wconf 80' lang='lat' dir='ltr'><em>mo·</em></span> 
     </span>
     <span class='ocr_line' id='line_1_35' title="bbox 72 2491 1348 2547; baseline -0.002 -13"><span class='ocrx_word' id='word_1_268' title='bbox 72 2506 180 2534; x_wconf 83' lang='lat' dir='ltr'><em>retur</em></span> <span class='ocrx_word' id='word_1_269' title='bbox 212 2494 451 2547; x_wconf 80' lang='lat' dir='ltr'><em>Capitolium</em></span> <span class='ocrx_word' id='word_1_270' title='bbox 481 2494 498 2546; x_wconf 87' lang='lat'>]</span> <span class='ocrx_word' id='word_1_271' title='bbox 537 2492 676 2544; x_wconf 82' lang='lat' dir='ltr'><em>Quum</em></span> <span class='ocrx_word' id='word_1_272' title='bbox 739 2494 792 2532; x_wconf 87' lang='lat' dir='ltr'><em>do</em></span> <span class='ocrx_word' id='word_1_273' title='bbox 826 2492 1060 2547; x_wconf 78' lang='lat' dir='ltr'><em>praesentem</em></span> <span class='ocrx_word' id='word_1_274' title='bbox 1083 2491 1348 2545; x_wconf 76' lang='lat' dir='ltr'><em>disceptatio-</em></span> 
     </span>
     <span class='ocr_line' id='line_1_36' title="bbox 73 2554 1094 2609; baseline -0.004 -14"><span class='ocrx_word' id='word_1_275' title='bbox 73 2568 146 2608; x_wconf 82' lang='lat' dir='ltr'><em>per</em></span> <span class='ocrx_word' id='word_1_276' title='bbox 175 2555 339 2608; x_wconf 81' lang='lat' dir='ltr'><em>auguria</em></span> <span class='ocrx_word' id='word_1_277' title='bbox 372 2555 411 2594; x_wconf 90' lang='lat' dir='ltr'><em>id</em></span> <span class='ocrx_word' id='word_1_278' title='bbox 448 2567 635 2609; x_wconf 75' lang='lat' dir='ltr'><em>ageretur</em></span> <span class='ocrx_word' id='word_1_279' title='bbox 665 2586 680 2605; x_wconf 84' lang='lat'><strong>‚</strong></span> <span class='ocrx_word' id='word_1_280' title='bbox 741 2568 833 2594; x_wconf 85' lang='lat' dir='ltr'><em>nem</em></span> <span class='ocrx_word' id='word_1_281' title='bbox 853 2554 1094 2593; x_wconf 80' lang='lat' dir='ltr'><em>intueretur.</em></span> 
     </span>
     <span class='ocr_line' id='line_1_37' title="bbox 75 2612 1344 2670; baseline -0.002 -14"><span class='ocrx_word' id='word_1_282' title='bbox 75 2627 120 2656; x_wconf 72' lang='lat' dir='ltr'><em>m</em></span> <span class='ocrx_word' id='word_1_283' title='bbox 149 2616 271 2656; x_wconf 72' lang='lat' dir='ltr'><em>libera</em></span> <span class='ocrx_word' id='word_1_284' title='bbox 294 2630 314 2655; x_wconf 85' lang='lat' dir='ltr'>a</span> <span class='ocrx_word' id='word_1_285' title='bbox 342 2616 488 2656; x_wconf 70' lang='lat' dir='ltr'><em>ceteris</em></span> <span class='ocrx_word' id='word_1_286' title='bbox 515 2616 678 2669; x_wconf 77' lang='lat' dir='ltr'><em>religio·</em></span> <span class='ocrx_word' id='word_1_287' title='bbox 803 2627 828 2666; x_wconf 80' lang='lat'>9</span> <span class='ocrx_word' id='word_1_288' title='bbox 853 2614 968 2655; x_wconf 77' lang='lat' dir='ltr'><em>curia</em></span> <span class='ocrx_word' id='word_1_289' title='bbox 996 2613 1214 2670; x_wconf 65' lang='lat' dir='ltr'><em>Hostilia}</em></span> <span class='ocrx_word' id='word_1_290' title='bbox 1240 2612 1344 2659; x_wconf 69' lang='lat' dir='ltr'><em>Vid.</em></span> 
     </span>
     <span class='ocr_line' id='line_1_38' title="bbox 75 2675 1053 2732; baseline -0.002 -16"><span class='ocrx_word' id='word_1_291' title='bbox 75 2679 192 2720; x_wconf 74' lang='lat' dir='ltr'><em>nibus</em></span> <span class='ocrx_word' id='word_1_292' title='bbox 212 2692 306 2719; x_wconf 72' lang='lat' dir='ltr'><em>area</em></span> <span class='ocrx_word' id='word_1_293' title='bbox 333 2678 563 2732; x_wconf 54' lang='lat' dir='ltr'><em>capitolina</em></span> <span class='ocrx_word' id='word_1_294' title='bbox 583 2675 681 2719; x_wconf 75' lang='lat' dir='ltr'><em>effet</em></span> <span class='ocrx_word' id='word_1_295' title='bbox 743 2676 856 2732; x_wconf 55' lang='lat' dir='ltr'><em>supra</em></span> <span class='ocrx_word' id='word_1_296' title='bbox 872 2705 888 2722; x_wconf 62' lang='lat'><em>2</em></span> <span class='ocrx_word' id='word_1_297' title='bbox 911 2676 954 2719; x_wconf 82' lang='lat'><em>1,</em></span> <span class='ocrx_word' id='word_1_298' title='bbox 979 2686 1053 2726; x_wconf 68' lang='lat'><em>30,</em></span> 
     </span>
    </p>
   </div>
   <div class='ocr_carea' id='block_1_3' title="bbox 921 2734 1075 2784">
    <p class='ocr_par' dir='ltr' id='par_1_5' title="bbox 921 2734 1075 2784">
     <span class='ocr_line' id='line_1_39' title="bbox 921 2734 1075 2784; baseline 0.026 -4"><span class='ocrx_word' id='word_1_299' title='bbox 921 2734 1075 2784; x_wconf 49' lang='lat' dir='ltr'><em>Aa?</em></span> 
     </span>
    </p>
   </div>
  </div>
 </body>
</html>
