1643 3078
447 131 804 187 L1BER

898 123 922 178 Ι
961 120 1034 176 V·
1230 125 1339 191 375

149 212 289 265 XXI.
323 211 398 262 M.
421 206 654 259 Cornelio
673 201 1005 275 Maluginense
1028 236 1042 254 ,
1073 195 1129 245 L.
1148 193 1340 258 Papirio
1362 201 1562 253 U.c.319.

83 282 250 335 Crasso
277 277 573 333 consulibus,
603 273 838 321 exercitus
871 285 916 313 m
948 282 1113 336 agrum
1155 263 1346 310 Veien-

83 366 186 400 tem
221 367 290 398 ac.
313 344 546 396 Faliscum
580 339 736 389 duffi:
770 334 941 403 praedae
978 330 1150 379 abaciae
1184 329 1347 376 homi-

623 405 767 456 hostis
790 408 835 452 in
859 403 980 468 agris
1017 397 1245 460 nusquam
1275 397 1345 440 in-

84 500 259 536 ventus
284 521 299 542 .‚
331 497 487 548 neque
512 474 752 545 pugnandi
775 472 915 537 copia
936 466 1085 524 faciam
1120 463 1260 510 urbes
1282 478 1348 507 ta-

87 435 203 468 num
233 428 563 483 pecorumque
585 428 596 457 ε

36 611 41 614 ,
87 570 199 602 men
225 569 325 600 non
355 562 647 615 oppugnatae

1364 257 1435 296 mc
1456 266 1562 308 433,

1367 314 1426 353 Μ.
1453 312 1560 384 Cor·

1367 374 1492 419 melio,
1510 371 1544 412 L

1369 434 1530 488 Papirio

668 580 683 604 ‚
709 543 816 606 quia
837 534 1096 605 pestilentia
1117 528 1353 596 populum
1370 494 1556 604 Cogzsti·

86 619 274 670 invasit.
314 617 374 667 Et
406 617 664 667 seditiones
702 609 836 658 domi
867 601 1067 672 quaefitae
1103 598 1239 656 sunt,
1264 611 1513 672 Peclemia.

88 705 234 738 motae
264 702 462 744 tamen,
503 682 562 730 ab
604 678 686 745 Sp.
723 674 886 725 Maelio
924 672 1115 719 tribuno
1156 663 1310 731 plebis
1343 677 1355 709 :

88 756 170 820 qui
200 754 368 803 favore
399 750 605 800 nominis
639 759 883 794 moturum
912 738 958 788 se
993 734 1171 801 aliquid
1195 746 1322 780 ratus
1342 766 1358 789 ,

90 823 140 872 &
179 821 394 870 Minucio
429 818 557 867 diem
587 814 808 871 dixerat,

857 810 905 855 δι
946 806 1254 871 rogationem
1298 797 1361 845 de

90 887 387 958 publicandis
416 886 557 936 bonis
587 880 774 932 Servilii
802 876 971 927 Ahalae
996 873 1166 923 inierat
1191 886 1204 930 ξ
1237 863 1363 919 falfiss

92 959 367 1008 criminibus
409 974 433 1003 a
478 951 693 1001 Minucio
731 950 1112 1009 circumventum
1146 940 1362 989 Maelium

93 1042 333 1092 arguens;
367 1022 571 1073 Servilio
599 1018 781 1066 caedem
808 1014 924 1062 civis
944 1011 1208 1059 indemnati
1236 1006 1364 1070 obji-

95 1096 225 1142 ciens
250 1111 261 1141 :
304 1108 324 1155 5
361 1109 467 1157 quae
491 1089 688 1135 vaniora
708 1084 767 1132 ad
795 1081 1030 1147 populum
1051 1077 1151 1144 ipso
1171 1075 1363 1125 auclore

95 1160 251 1211 fuere.
288 1158 519 1209 Ceterum
546 1157 695 1218 magis
734 1153 807 1199 vis
839 1149 997 1197 morbi
1029 1143 1366 1213 ingravescens

101 1246 223 1277 curae
255 1243 355 1276 erat
387 1265 401 1286 ,
443 1221 743 1287 terroresque
773 1236 827 1266 ac
864 1216 1083 1283 prodigia
1109 1231 1120 1260 ε
1159 1212 1365 1260 maxime

43 1304 46 1305 ’
100 1295 233 1362 quod
260 1296 437 1343 crebris
457 1291 666 1339 motibus
693 1303 831 1336 terrae
859 1301 995 1332 ruere
1026 1287 1073 1330 in
1106 1281 1228 1346 agris
1249 1297 1369 1327 nun·
1416 1305 1472 1346 C·
1504 1305 1580 1347 Ju-

97 1364 336 1413 tiabantur
367 1360 509 1410 tecia.
557 1355 846 1406 Obsecratio
870 1355 1030 1416 itaque
1066 1368 1092 1396 a
1119 1348 1306 1414 populo
1338 1346 1442 1407 6250
1476 1367 1531 1407 ῃ,

106 1432 367 1480 duumviris
398 1445 429 1491 7

1387 1193 1574 1246 U‚c.320.

1383 1249 1575 1299 :QG-43².

469 1424 790 1483 praeeuntibus
819 1420 886 1470 est
912 1417 1049 1468 faRa.
1074 1414 1370 1466 Pestilentior
1387 1430 1434 1468 L,
1463 1429 1566 1471 vit-

80 1499 214 1616 ᾲηάε
250 1515 398 1545 annus
447 1488 509 1545 C.
544 1493 672 1542 Julio
710 1494 883 1539 iterum
909 1526 924 1548 ,
961 1487 1013 1535 &
1047 1485 1104 1534 L.
1145 1484 1369 1550 Virginio
1387 1490 1498 1546 ginio

135 1565 376 1616 onsulibus
401 1601 415 1624 ,
445 1563 474 1613 8
506 1576 691 1610 tantum
719 1574 906 1608 metum
932 1553 1155 1605 vastitatis
1180 1555 1228 1599 in
1252 1552 1372 1599 urbe
1391 1549 1501 1593 Coff·

175 1703 193 1740 5
224 1688 321 1746 Quae
346 1687 535 1727 vaniora]
561 1686 714 1738 Quam-

108 1766 224 1806 quam
251 1749 315 1790 hic
347 1750 481 1790 irritos
502 1747 612 1788 fuisse
641 1747 714 1787 tri-

109 1813 203 1853 buni
238 1823 406 1851 conatus
447 1810 581 1848 Livius
609 1806 715 1847 affir-

111 1885 192 1914 mat
206 1902 217 1920 ,
237 1884 369 1912 tamen
389 1871 554 1911 Ahalam
581 1869 716 1909 Servi-

111 1936 208 1976 lium
244 1933 286 1974 &
312 1932 502 1975 Valerius
538 1931 652 1970 Max.
686 1930 714 1971 l.

114 1996 156 2038 V
175 2023 186 2042 ‚
218 2008 255 2035 c.
286 2003 305 2046 3
331 2022 343 2041 ,
377 1993 572 2044 custodita:
599 1992 718 2030 liber-

116 2057 211 2098 tatis
240 2056 380 2096 cz'vium
414 2067 545 2108 poenas
582 2052 719 2106 exfiiio

112 2116 184 2174 suo
218 2114 438 2172 pependiffe
470 2113 591 2155 tradit
626 2127 640 2160 ;
678 2113 721 2154 δε

117 2179 270 2219 Cicero
291 2191 365 2233 pro
387 2178 507 2217 domo
528 2204 540 2221 ,
562 2189 601 2215 n.
627 2173 681 2214 86
705 2200 719 2222 ‚

116 2240 272 2295 pulsum
314 2239 411 2279 urbe
436 2265 447 2284 ‚
479 2238 518 2277 in
554 2249 720 2288 eamque

119 2301 266 2341 deinde
308 2299 531 2341 restitutum
568 2311 725 2338 memo·

121 2373 199 2404 rat.
449 2359 456 2368 ’

184 2423 210 2462 6
231 2420 461 2463 Duumviris
477 2421 494 2474 ]
513 2420 723 2460 Librorum

120 2484 407 2540 Sibyllinorum
429 2483 672 2523 custodibus.

186 2559 211 2594 7
246 2544 528 2596 Praeeumibus]
561 2543 725 2584 Certam

121 2608 339 2648 verborum
357 2636 367 2657 ‚
390 2606 427 2645 in
445 2620 529 2659 quae
544 2604 726 2644 obsecra-

122 2668 183 2710 tio
203 2666 342 2718 fieret,
377 2666 586 2709 formulam
617 2663 727 2721 prius

773 1679 1062 1726 recitantibus,
1096 1692 1181 1731 quae
1209 1676 1382 1718 totidem

774 1744 908 1783 verbis
932 1737 1040 1780 vel'a
1067 1741 1219 1793 populo
1236 1766 1247 1786 ,
1268 1740 1331 1776 vel
1358 1747 1382 1777 a

777 1804 1002 1859 magistratu
1036 1802 1170 1853 aliquo
1203 1799 1382 1838 referre-

778 1877 858 1907 tur.
879 1865 1009 1906 Moris
1026 1862 1172 1916 quippe
1189 1860 1383 1901 Romanis

781 1938 865 1967 erat
890 1953 901 1972 ,
930 1937 971 1965 ut
997 1925 1036 1963 in
1066 1922 1351 1963 devotionibus
1368 1947 1381 1968 ,

779 1989 818 2028 in
837 1987 1052 2027 foederibus
1073 1983 1318 2027 sanciendis,
1343 1983 1386 2023 &

781 2050 868 2089 aliis
885 2047 1080 2101 ejusmodi
1108 2046 1248 2085 ritibus
1267 2044 1389 2084 sacris

782 2109 1034 2165 peragendis,
1048 2107 1231 2161 pontifex
1245 2105 1388 2158 aliquis

782 2183 850 2211 aut
877 2170 1061 2211 sacerdos
1081 2169 1191 2222 prior
1208 2181 1390 2221 pronun·

783 2233 903 2273 tiaret
932 2232 1108 2272 solennia
1138 2231 1258 2269 verba
1278 2256 1289 2275 ,
1335 2241 1388 2268 ne

784 2308 856 2348 per
891 2293 1079 2333 inscitiam
1110 2293 1315 2331 laberetur
1355 2289 1390 2329 is

786 2356 854 2410 qui
884 2369 930 2395 ea
972 2354 1156 2407 proferre
1200 2351 1391 2392 debebat.

784 2417 883 2462 Vid.
917 2417 944 2456 1.
966 2415 1097 2462 VIII,
1131 2425 1174 2466 9.

849 2479 872 2519 8
891 2477 1055 2518 Tantum
1073 2476 1237 2520 mecum}
1257 2471 1392 2515 Vide-

788 2550 853 2580 tur
895 2537 1160 2594 expungenda
1191 2533 1268 2578 effe
1308 2547 1393 2576 vox

796 2614 952 2644 metum.

989 2716 1110 2770 siv
