1704 3073
342 132 412 196 50
640 116 1324 174 T1T1L1v‘11

335 199 388 246 &
419 196 603 264 sanguis
637 196 905 263 spthaculo
934 196 1080 247 essent
1110 214 1123 257 ;
1149 197 1246 247 duo
1273 195 1518 259 Romani,
1542 195 1618 247 su-

337 283 425 333 per
450 267 594 314 alium
621 267 761 327 alius,
782 266 1041 314 vulneratis
1075 267 1224 313 tribus
1258 264 1462 316 Albanis
1482 303 1496 327 ‚
1530 283 1617 314 ex-

338 334 568 399 spirantes
591 348 872 382 corruerunt
908 351 922 392 3
956 334 1014 380 ad
1041 351 1244 399 quorum
1279 333 1437 383 casum
1468 349 1617 400 quum

341 400 677 450 conclamasset
722 402 898 467 gaudio
931 400 1147 450 Albanus
1181 405 1415 451 exercitus
1450 418 1465 461 3
1505 402 1617 450 Ro-

340 487 505 518 manas
537 471 751 536 legiones
784 469 880 534 jam
904 468 1008 534 spes
1049 484 1181 528 tota,
1208 470 1426 518 nondum
1453 485 1616 517 tamen

344 556 456 586 cura
495 537 765 586 deseruerat
788 575 801 598 ‚
836 539 1079 586 exanimes
1114 540 1223 587 vice
1259 541 1395 587 unius
1419 575 1432 597 a
1471 554 1620 604 quem

339 621 436 655 tres
476 603 678 654 Curiatii
722 604 1148 659 circumsteterant.
1176 605 1320 655 Forte
1357 608 1394 654 is
1434 607 1622 672 integer

344 674 432 722 fuit
461 711 476 732 ,
526 689 576 722 ut
626 673 857 721 universis
891 673 1017 722 solus
1060 691 1364 740 nequaquam
1402 692 1520 740 par,
1560 671 1623 721 fic

345 742 576 789 adversus
611 740 821 808 singulos
854 739 993 790 ferox
1026 759 1059 801 3*
1082 759 1233 808 ergo,
1266 756 1319 790 ut
1352 741 1625 808 segregaret

346 826 553 875 pugnam
593 826 760 857 eorum
784 846 797 867 ‚
825 807 1020 874 capeffit
1053 808 1244 876 fugam,
1285 812 1346 858 ita
1377 825 1503 858 ratus
1549 807 1625 869 sef-

346 895 612 942 quurmos,
644 892 694 924 ut
725 893 966 943 quemque
987 878 1186 925 vulnere
1204 875 1425 926 affeetum
1450 893 1624 942 corpus

345 944 535 994 sineret.
566 943 673 993 Jarn
707 946 997 1010 aliquantum
1027 943 1158 1010 spatii
1191 962 1248 994 ex
1285 962 1346 994 eo
1377 945 1521 1005 loco,
1544 945 1626 993 ubi

346 1027 611 1080 pugnatum
641 1009 736 1072 est,
762 1011 1012 1078 aufugerat
1033 1048 1046 1070 ‚
1077 1030 1223 1078 quum
1255 1011 1508 1078 respiciens
1547 1014 1627 1061 vi-

347 1079 431 1129 det
467 1081 651 1147 magnis
686 1081 946 1128 intervallis
988 1079 1238 1145 sequentes
1269 1097 1282 1139 3
1314 1098 1461 1128 unum
1499 1079 1628 1129 haud

347 1149 519 1216 procul
555 1149 613 1197 ab
642 1147 736 1196 sese
771 1146 926 1196 abesse
956 1163 970 1207 3
1003 1149 1052 1195 in
1085 1165 1195 1196 eum
1227 1164 1405 1215 magno
1442 1152 1630 1213 impetu

350 1217 491 1266 redit.
525 1215 583 1266 Et
613 1216 727 1265 dum
758 1216 975 1265 Albanus
1009 1218 1244 1265 exercitus
1275 1216 1500 1264 inclamat
1525 1214 1633 1264 Cu-

350 1287 496 1334 riatiis
519 1322 534 1345 ‚
574 1299 625 1332 ut
663 1301 812 1349 opem
855 1284 1011 1333 ferant
1048 1282 1212 1342 fratri,
1257 1281 1353 1347 jam
1397 1284 1632 1334 Horatius

353 1352 473 1402 caeso
500 1351 636 1400 hoste
675 1351 828 1401 vie'tor
862 1351 1117 1401 secundam
1150 1368 1360 1418 pugnam
1404 1352 1633 1417 petebat3

352 1434 455 1468 tum
487 1437 514 1468 2
550 1422 793 1480 clamore,
823 1421 973 1486 qualis
1008 1436 1066 1468 ex
1099 1420 1338 1485 insperato
1364 1418 1634 1469 faventium

353 1488 474 1537 solet
493 1527 507 1550 ‚
529 1487 741 1537 Romani
774 1488 1006 1537 adiuvant
1036 1488 1236 1537 militem
1269 1487 1400 1536 suum
1429 1505 1439 1536 :
1468 1488 1519 1536 ὃ(
1551 1487 1634 1538 ille

356 1556 556 1623 defungi
584 1557 748 1622 praelio
779 1555 980 1605 festinat.
1026 1555 1155 1603 Prius
1185 1558 1346 1622 itaque
1381 1555 1525 1622 quam
1563 1556 1636 1604 al-

354 1639 458 1685 ter,
489 1626 570 1690 qui
614 1640 706 1673 nec
746 1624 914 1689 procul
946 1624 1142 1682 aberat,
1179 1623 1402 1690 consequi
1438 1621 1593 1690 posset
1619 1661 1635 1684 ,

357 1694 411 1743 &
446 1693 651 1741 alterum
686 1690 956 1741 Curiatium
992 1690 1200 1741 conficit.
1231 1691 1434 1758 Jamque
1475 1709 1639 1758 aequa-

354 1775 408 1810 to
440 1760 602 1809 Marte
638 1758 805 1827 singuli
835 1759 1141 1827 supererant,
1172 1759 1254 1808 sed
1287 1778 1375 1808 nec
1398 1759 1512 1825 spe,
1545 1776 1637 1809 nec

356 1830 537 1878 viribus
561 1845 700 1894 pares
734 1845 749 1887 3
781 1829 1015 1887 alterum,
1041 1827 1266 1876 intaGtum
1303 1827 1432 1876 ferro
1466 1845 1639 1894 corpus

358 1897 410 1945 ὃ(
437 1899 678 1963 geminata
696 1895 926 1956 visioria,
957 1895 1176 1945 ferocem
1196 1897 1245 1943 in
1273 1912 1518 1945 certamen
1544 1911 1643 1946 ter-

359 1966 480 2021 tium
516 1963 693 2012 dabant
714 1983 725 2012 :
748 1964 867 2012 alter
886 1963 1052 2013 fessum
1076 1964 1276 2011 vulnere
1293 2002 1307 2025 ‚
1334 1963 1501 2013 fessum
1532 1981 1643 2012 cur-

360 2032 410 2080 su
450 2032 642 2080 trahens
684 2049 894 2098 corpus,
925 2031 1167 2097 visitisque
1198 2030 1395 2080 fratrum
1441 2045 1550 2081 ante
1591 2031 1641 2081 se

360 2099 516 2168 strage
536 2137 549 2160 ,
574 2099 744 2150 νὶξὶοτὶ
789 2098 1012 2165 objicitur
1041 2098 1164 2148 hosti
1197 2117 1212 2159 3
1243 2118 1332 2149 nec
1366 2100 1481 2148 illud
1518 2117 1641 2166 prae-

361 2188 464 2228 libet
491 2188 717 2227 animalium
748 2201 971 2242 congrega·
1035 2187 1251 2235 Clamore,
1270 2187 1425 2247 qualem
1443 2186 1565 2226 edere
1583 2186 1643 2226 so·

362 2250 421 2290 tio
436 2278 447 2294 ,.
472 2250 511 2289 ὃ(
535 2249 737 2302 speciatim
766 2251 815 2289 de
840 2251 971 2289 mino·
1033 2250 1119 2289 lent
1153 2249 1178 2289 ii
1207 2251 1273 2302 qui
1307 2263 1397 2288 eum
1433 2261 1550 2301 quem
1581 2248 1654 2286 vi·-

363 2311 471 2351 ribus
493 2310 714 2363 pecudibus
731 2311 906 2358 dicitur,
928 2322 972 2351 ut
1035 2311 1137 2351 &um
1165 2310 1242 2364 jam
1277 2309 1558 2353 crediderant,
1592 2323 1643 2350 ex

364 2373 537 2417 ovibus,
566 2373 692 2425 capris
717 2384 828 2425 :quo
860 2373 972 2412 sensu
1035 2372 1236 2425 insperato
1264 2371 1474 2426 resurgere
1506 2370 1646 2409 viden-

364 2433 585 2487 opponitur
623 2447 794 2474 armento
817 2463 827 2481 ,
864 2435 972 2489 quod
1034 2432 1229 2486 tes,ejus
1247 2431 1647 2486 speirenascentifa-

363 2494 527 2547 majoris
571 2493 624 2534 est
673 2496 832 2548 pecoris
865 2523 877 2544 ‚
926 2506 972 2536 ut
1034 2506 1147 2535 vent.
1188 2495 1372 2534 intuetur
1415 2493 1551 2532 Livius
1596 2506 1644 2533 ea

365 2557 486 2598 boum
506 2584 517 2602 ,
553 2570 766 2610 equorum.
1036 2571 1122 2610 quae
1141 2557 1179 2595 in
1195 2556 1334 2610 pugnis
1352 2554 1614 2609 gladiatorum
1629 2585 1642 2605 ‚

428 2630 452 2658 2
487 2618 697 2663 Clamore,
746 2618 871 2672 qualis
923 2633 972 2658 ex
1035 2618 1075 2657 in
1096 2617 1329 2670 speaacuiis
1359 2614 1611 2658 Circensibus
1632 2642 1646 2665 ,

365 2677 563 2735 insperato
581 2677 802 2734 faventium
829 2677 968 2736 solet}
1035 2678 1225 2720 accidere
1262 2678 1462 2720 solebant.
