1689 3083
228 105 256 125 Χ

456 141 501 197 L
546 157 566 195 1
612 155 647 195 Β
697 155 732 194 E
779 156 817 196 R
915 142 939 196 Ι
979 143 1018 196 Ι.
1250 136 1367 215 189

93 217 175 268 sed
196 217 277 285 Sp.
301 218 509 269 Licinius
535 221 746 268 tribunus
780 219 932 283 plebis
964 217 1142 267 venisse
1171 213 1362 284 temous
1380 234 1572 281 U-c-273‘·

91 302 219 334 ratus
243 324 256 345 ‚
285 306 370 353 per
407 290 619 335 ultimam
653 284 977 335 neceffitatem
1010 287 1127 350 legis
1170 288 1362 350 agrariae
1379 290 1569 339 a.C.4‘5=7..

89 351 307 402 Patribus
344 353 648 421 injungendae
673 392 687 413 ‚
734 353 999 419 susceperat
1039 369 1141 399 rem
1191 355 1364 399 milita-

38 422 43 425 ¹
91 436 200 469 rem·
226 422 604 487 impediendam.
635 421 868 471 Ceterum
886 436 915 484 9
937 435 1040 468 tota
1070 418 1248 466 invidia
1275 421 1362 466 tri-

90 487 286 537 bunitiae
323 491 568 555 potestatis
597 489 731 537 versa
760 491 807 536 in
845 488 1089 536 au&orem
1125 484 1189 533 est
1212 521 1228 544 ,
1270 502 1363 534 nec

89 553 140 602 in
174 573 284 604 eum
314 558 528 606 consules
557 559 706 604 acrius
739 556 880 622 quem
909 572 926 603 1
959 553 1098 619 ipsius
1133 551 1234 616 ejus
1265 553 1364 600 col-

89 621 214 688 legae
248 628 406 673 coorti
442 625 574 673 sunt:
615 625 886 687 auxilioque
924 638 1092 670 eorum
1125 619 1367 668 deleelum

91 690 309 740 consules
346 693 540 741 habent.
590 692 670 739 Ad
713 692 810 738 duo
847 690 981 737 simul
1017 689 1140 736 bella
1180 689 1365 736 exerci-

92 770 168 805 tus
194 757 405 808 scribitur
438 776 453 819 ;
500 759 745 807 ducendus
782 758 930 806 Fabio
973 760 1020 804 in
1057 755 1240 820 AEquos
1263 791 1278 814 ‚
1316 756 1366 802 in

90 822 330 875 Veientes
351 827 494 875 Furio
522 828 670 874 datur.
703 824 761 874 Et
791 829 836 873 in
864 824 1149 873 Veientibus
1172 823 1368 888 quidem

92 892 210 940 nihil
250 895 445 961 dignum
481 895 715 942 memori&
757 893 937 959 gestum
970 891 1050 940 est.
1097 891 1248 938 Fabio
1282 891 1369 938 ali-

91 976 274 1026 quanto
317 964 423 1027 plus
462 963 645 1028 negotii
680 978 787 1008 cum
827 960 1043 1018 civibus,
1081 958 1224 1024 quem
1257 975 1365 1006 cum

88 1026 300 1077 hostibus
336 1029 466 1088 fuit3
516 1046 635 1078 unus
666 1028 745 1075 ille
791 1030 864 1075 vir
903 1027 1001 1092 ipse
1041 1026 1203 1074 consul
1234 1043 1364 1075 rem-
1403 1024 1575 1067 Roman}

90 1095 333 1161 publicam
360 1095 567 1145 sustinuit
600 1115 614 1156 3
659 1113 800 1161 quam
823 1097 1074 1144 exercitus
1110 1095 1224 1143 odio
1250 1089 1523 1164 εοη-Τηῖξῖῑέδ

91 1162 200 1211 sulis
227 1202 245 1223 .-
289 1181 519 1229 quantum
562 1167 606 1211 in
661 1164 706 1212 se
755 1163 840 1211 fuit
871 1202 884 1223 ,
930 1162 1185 1228 prodebat.
1236 1161 1520 1219 Namnf'mn‘

91 1247 240 1297 quum
267 1232 429 1280 consul
457 1246 626 1298 praeter
650 1247 830 1280 ceteras
850 1233 1182 1296 imperatorias
1213 1223 1553 1290 arte5‚²'¹'²⁶³''e⁰

89 1315 206 1364 quas
244 1302 461 1364 parando
507 1301 822 1365 gerendoque
860 1300 990 1348 bello
1025 1298 1173 1346 edidit
1215 1299 1367 1362 pluri-

91 1383 194 1415 mas
221 1404 235 1425 ‚
284 1370 344 1416 ita
381 1365 657 1416 instruxisset
689 1369 842 1414 aciem
874 1405 889 1426 ‚
934 1382 984 1414 ut
1017 1365 1120 1414 solo
1154 1367 1369 1431 equitatu

91 1433 260 1482 emiffo
309 1438 569 1484 exercitum
618 1433 821 1484 hostium
868 1433 1092 1482 funderet
1123 1471 1138 1492 ‚
1186 1432 1369 1498 insequi

91 1499 222 1551 fusos
247 1504 396 1568 pedes
432 1503 622 1562 noluit;
653 1519 739 1550 nec
774 1503 880 1550 illos
901 1539 915 1562 ,
949 1501 1030 1550 etsi
1058 1519 1154 1548 non
1191 1501 1371 1549 adhor-

90 1571 211 1619 tatio
245 1570 380 1619 invisi
414 1571 544 1619 ducis
570 1608 587 1628 ‚
623 1569 753 1618 suum
792 1569 958 1618 saltem
993 1570 1228 1635 flagitium
1257 1607 1272 1629 ‚
1314 1569 1368 1617 &

90 1637 340 1704 publicum
361 1642 406 1686 in
431 1637 677 1705 praesentia
709 1637 918 1686 dedecus
942 1674 955 1693 .‚
997 1635 1257 1702 postmodo
1288 1653 1370 1700 pe-

94 1706 297 1754 riculum
319 1744 333 1767 ‚
365 1705 397 1754 fi
435 1710 618 1755 animus
652 1703 770 1753 hosti
807 1703 997 1754 rediffet
1023 1742 1037 1763 ,
1072 1721 1248 1769 cogere
1283 1722 1376 1769 poe

93 1774 186 1822 tuit
233 1774 431 1840 gradum
476 1775 781 1830 accelerare3
815 1787 928 1832 aut,
975 1770 1009 1819 fi
1038 1772 1165 1819 aliud
1203 1772 1319 1819 nihil
1349 1809 1370 1832 ‚

96 1856 128 1889 2
155 1839 326 1890 instare
345 1840 606 1890 instrurstos.
631 1840 804 1902 lnjuffu
825 1840 953 1907 sign-a
974 1839 1215 1899 referunt,
1241 1855 1371 1887 mce-

95 1905 247 1974 stique
281 1908 302 1975 (
326 1910 543 1958 crederes
567 1907 760 1975 vi&os)
794 1910 1088 1956 exsecrantes
1120 1924 1244 1955 nunc
1269 1909 1370 1954 im·-

93 1991 367 2042 peratorem
393 2015 410 2037 ‚
439 1995 563 2024 nunc
594 1992 816 2024 navatam
845 1975 904 2023 ab
932 1977 1094 2040 equite
1128 1992 1329 2040 operam
1348 2014 1374 2034 ‚

31 2079 55 2090 -.
95 2044 300 2093 redeunt
317 2047 363 2092 in
383 2043 543 2092 castra.
574 2043 680 2093 Nec
699 2046 804 2091 huic
824 2058 923 2092 tam
942 2042 1180 2109 pestilenti
1199 2059 1374 2091 exem-

96 2111 183 2178 plo
216 2113 430 2161 remedia
468 2113 563 2160 ulla
590 2114 649 2160 ab
678 2115 967 2178 imperatore
999 2110 1188 2177 quaefita
1220 2110 1323 2158 sunt
1353 2130 1369 2160 τ

96 2178 224 2228 adeo
263 2181 607 2229 excellentibus
644 2182 845 2246 ingeniis
881 2180 1014 2228 citius
1047 2177 1250 2227 defuerit
1298 2195 1374 2225 ars

98 2245 195 2312 qua
222 2248 381 2297 civem
404 2263 597 2315 regant,
632 2247 776 2314 quem
801 2248 892 2314 qu&
914 2245 1103 2295 hostem
1129 2245 1374 2311 superent,

160 2344 188 2384 9
213 2333 317 2374 Tota
350 2338 535 2390 invidia]
578 2336 702 2386 Quid·
836 2348 848 2374 ι
886 2333 1007 2389 Ipsius
1045 2335 1122 2388 ejus
1159 2334 1317 2387 collegae
1348 2331 1371 2383 J

99 2393 195 2448 quid
217 2395 373 2438 invidiae
395 2398 432 2438 ὅ(
465 2399 544 2437 odii
569 2398 608 2436 in
632 2396 701 2436 Pa·
767 2395 888 2435 Multi
925 2395 1001 2448 jam
1036 2404 1279 2435 monuerunt
1304 2392 1376 2432 hie.

99 2464 185 2496 tres
211 2455 382 2496 Licinius
403 2459 616 2498 tribunitiae
634 2472 704 2511 po·
765 2458 980 2512 legendum
1001 2459 1125 2497 videri
1147 2454 1230 2511 ipsi.

98 2516 252 2558 testatis
272 2517 396 2570 grati&
427 2518 608 2560 subnixus
633 2535 705 2560 ex·
830 2532 854 2558 2
891 2518 1078 2572 Instare]
1117 2515 1240 2557 Reue
1277 2528 1380 2554 cen-

103 2577 236 2618 citare
251 2579 477 2626 nitebatur,
508 2581 546 2619 id
574 2592 703 2621 totum
768 2580 826 2620 set
858 2580 1045 2623 Muretus
1080 2576 1379 2620 emendandum

92 2639 247 2686 ‘recidit
283 2640 321 2680 in
353 2641 475 2694 ipsum
503 2642 705 2686 enflorem
758 2642 885 2695 stare.

103 2701 327 2745 turbulenti
350 2702 586 2748 conaminis,
