1653 3078
469 116 517 174 L
559 130 583 173 1
626 127 661 172 Β
708 129 743 172 Ε
786 132 826 173 R

33 242 36 244 .
88 195 229 257 'metus'
257 216 324 247 me
348 198 552 246 crederem
569 195 694 264 poffie
721 215 751 243 a
777 196 954 245 civibus
973 193 1082 244 meis
1099 200 1126 245 Ρ
1156 213 1247 245 cam
1266 199 1358 248 levi
1378 226 1566 277 [js-245.

920 120 1021 174 ΙΙ.
1245 135 1354 192 131

91 281 306 315 momento
325 285 422 314 mea
440 268 566 331 apud
591 283 675 314 vos
695 262 831 328 sama
857 265 1064 329 pendet?
1096 265 1286 312 Adeone
1305 269 1360 331 est
1374 282 1565 334 ὥρῳ-7,

83 331 289 399 fimdata
325 334 481 382 leviter

514 334 668 397 fides,
701 347 751 379 ut
773 370 790 390 ,
837 333 914 378 uhi
936 331 1023 392 sim
1054 369 1072 390 ‚
1121 332 1254 395 qudm
1283 352 1362 396 quc

79 401 169 466 fim
180 438 197 459 ‚
214 404 358 467 magis
379 399 535 465 referat
551 403 578 448 Ρ
599 403 711 448 Non
730 400 960 466 obstabunt
975 400 1033 446 P.
1056 400 1229 446 Valerii
1250 401 1362 446 aedes

91 467 286 515 libertati
317 470 461 536 vestrae
482 505 500 526 ,

529 470 730 532 Quirites
759 487 772 514 :

818 481 917 513 tuta
943 468 1022 512 erit
1056 467 1185 514 vobis
1213 466 1362 513 Velia.

90 533 307 600 Deferam
342 554 434 583 non
474 537 523 583 in
561 536 755 601 planum
789 534 917 581 mod&
956 536 1068 579 aedes
1089 571 1106 591 ,
1133 532 1220 597 fid
1253 534 1365 580 colli

92 604 226 650 etiam
238 601 512 668 subjiciam:
543 617 594 650 ut
618 621 703 650 vos
718 598 859 666 fitpra
875 598 1121 664 ficspeffum
1140 619 1205 647 me
1221 602 1362 648 civem

92 670 318 717 habitetis.
351 670 407 716 In
435 670 567 718 Velia
590 670 805 732 aedificent
819 706 836 726 ,
862 669 1022 732 quihus
1041 668 1202 715 melil‘cs
1223 669 1361 732 qudm

93 737 152 785 P.
191 737 371 785 Valerio
411 739 600 784 creditur
639 737 833 784 libertas.
878 734 1057 784 Delata
1108 734 1362 784 confestim

90 806 292 853 materia
333 802 491 852 omrfis
526 802 649 851 infra
687 803 883 851 Veliam
919 820 931 850 ι
974 803 1026 851 &
1053 840 1068 863 ‚
1121 804 1199 851 ubi
1238 820 1365 851 nunc

95 885 120 937 3
140 871 404 937 Vicaepotae
419 871 507 931 est,
525 871 696 919 domus
712 872 760 918 in
777 870 944 919 infimo
963 871 1092 919 clivo
1115 870 1366 920 aedificata.

161 938 303 988 VIII.
345 940 476 988 Latae
510 940 685 988 deinde
725 939 855 1005 leges
887 975 901 997 ,
947 955 1045 986 non
1078 938 1231 987 solhm
1257 957 1361 1005 quae
1379 956 1500 1013 Leges
1522 955 1569 995 ab

95 1008 232 1073 regni
249 1006 510 1073 suspicione
530 1006 776 1056 consulem
795 1005 1099 1055 absolverent
1119 1045 1133 1067 ‚
1158 1007 1238 1056 sed
1257 1025 1362 1073 quae
1381 1034 1424 1059 eo
1451 1019 1559 1061 latae.

93 1074 221 1124 adeo
241 1076 290 1122 in
309 1077 602 1124 contrarium
628 1092 661 1136 4
685 1088 932 1124 verterent
953 1111 968 1133 ‚
1001 1090 1051 1123 ut
1092 1090 1112 1140 5
1154 1076 1366 1140 popula·
1408 1106 1411 1107 ν

93 1159 200 1191 rem
231 1145 376 1192 etiam
412 1142 658 1192 facerent:
689 1141 839 1209 (inde
875 1159 1149 1208 cognomen
1188 1143 1367 1192 faflum

95 1209 357 1259 Publicolae
399 1209 464 1259 est
492 1210 513 1276 )

559 1225 669 1259 ante
706 1228 876 1258 omnes
914 1210 974 1258 de
1012 1213 1366 1277 provocatione

24 1319 27 1322 .
95 1277 322 1327 advershs
347 1278 641 1345 magistratus
673 1279 732 1326 ad
757 1278 989 1344 populum
1014 1316 1029 1339 ,
1061 1278 1090 1327 6
1114 1278 1366 1328 sacrando-

96 1362 191 1412 que
211 1363 318 1394 cum
337 1346 477 1395 bonis
495 1347 651 1411 capite
672 1346 774 1412 ejus
794 1384 807 1405 ‚
839 1347 919 1412 qui
939 1348 1073 1412 regni
1095 1348 1367 1412 occupandi

96 1413 291 1463 confilia
325 1412 496 1463 inisset.
541 1413 704 1463 Gratae
738 1417 786 1462 in
819 1414 989 1480 vulgus
1016 1415 1148 1479 leges
1188 1413 1322 1464 fuere
1351 1431 1364 1462 ε

97 1497 214 1547 quas
243 1500 390 1549 quum
408 1482 532 1530 solus
558 1481 818 1547 pertulisset
838 1520 852 1541 ‚
891 1496 940 1530 ut
969 1481 1047 1530 sua
1069 1483 1203 1530 unius
1227 1485 1273 1530 in
1294 1483 1366 1530 his

99 1551 248 1616 gratia
266 1549 381 1599 esset
398 1587 413 1610 ‚
438 1564 541 1600 tum
561 1550 737 1599 deinde
757 1551 953 1598 comitia
972 1550 1172 1616 collegae
1197 1550 1364 1599 subro-

96 1618 259 1684 gando
313 1618 491 1668 habuit.
544 1616 747 1667 Creatus
780 1617 860 1683 Sp.
887 1616 1132 1667 Lucretius
1167 1618 1364 1667 consul:

98 1687 180 1750 qui
209 1704 384 1753 magno
403 1701 514 1735 natu
532 1723 547 1746 ‚
577 1705 677 1735 non
713 1684 1163 1749 sufficientibusajam
1183 1688 1362 1736 viribus

1383 1599 1572 1654 Suffifflus

1380 1662 1508 1704 Bruto

1381 1724 1529 1765 Lucre·

97 1752 160 1807 ad
194 1755 452 1803 consularia
483 1772 682 1803 munera
713 1754 939 1804 obeunda
967 1792 985 1812 ,
1020 1757 1141 1803 intra
1183 1773 1574 1834 Pau-Costiusffiuig

98 1820 203 1870 dies
220 1825 434 1872 moritur.
455 1821 680 1872 Suffe&us
695 1824 742 1871 in
762 1822 971 1871 Lucretii
985 1822 1148 1871 locum
1164 1822 1239 1872 M.
1255 1823 1364 1873 Ho-

1382 1847 1429 1887 H
1428 1863 1523 1901 ora-⁴

95 1890 240 1941 ratius
260 1889 504 1941 Pulvillus.
531 1890 680 1957 Apud
694 1890 925 1958 quosdam
943 1908 1134 1941 veteres
1150 1890 1367 1946 auflores
1383 1909 1478 1964 ιὶιις.

21 1988 28 1991 ’
99 1988 179 2019 tes.
233 1979 314 2019 Sed
373 1990 502 2020 utram
555 1979 655 2019 arcis
687 2005 699 2025 ,
1453 1975 1456 1979 ’

99 2047 229 2080 utram
247 2040 439 2096 Capitolii
451 2040 610 2081 nomine
629 2054 700 2094 ap·

99 2101 299 2155 pellarent
329 2117 342 2150 3
380 2103 422 2142 in
464 2113 553 2143 utra
597 2111 701 2142 tem-

100 2161 208 2216 plum
238 2162 350 2204 Jovis
383 2163 479 2204 esset
494 2195 506 2215 ‚
540 2163 700 2218 ambigi-

102 2233 184 2263 tur.
205 2222 451 2266 probabilius
469 2235 600 2265 tamen
618 2225 672 2264 est
685 2252 697 2272 ‚

102 2286 293 2338 templum
308 2286 347 2325 in
366 2300 411 2326 ea
430 2297 542 2341 parte
561 2286 674 2326 fuiffe
687 2314 700 2334 ,

103 2358 192 2400 quae
210 2347 443 2401 Capitolium
457 2347 620 2402 proprie
635 2362 704 2388 vo-

103 2417 282 2448 caretur.

169 2478 190 2518 3
215 2466 457 2525 Vicaepotae]
486 2470 702 2519 Viaoriae,

105 2527 244 2581 supple
312 2532 433 2571 aedes.
480 2532 704 2586 Vicaepotae

107 2650 261 2699 liundoo

823 1977 1083 2031 4Verterent]
1101 1979 1251 2032 Supple
1264 1996 1366 2030 rem,

764 2039 994 2094 opinionem
1022 2040 1244 2082 hominum.

831 2114 849 2151 5
883 2100 1158 2156 Popularem]
1206 2103 1368 2158 Populo

764 2174 991 2216 acceptum.

826 2224 853 2264 6
889 2224 1122 2278 sacrando]
1156 2226 1267 2268 Diris
1302 2227 1374 2269 de-

766 2286 972 2325 vovendo.
1001 2287 1129 2337 Eum,
1158 2288 1272 2341 cujus
1303 2304 1374 2330 ca-

766 2358 838 2401 put
867 2348 945 2387 hoc
979 2347 1090 2387 sensu
1127 2348 1278 2390 sacrum
1312 2350 1374 2390 es-

768 2408 858 2455 set,
899 2410 1024 2449 cuivis
1062 2410 1221 2462 impune
1263 2411 1373 2451 occi-

769 2470 864 2509 dere
882 2470 1046 2510 licebat.
1067 2471 1178 2512 Bona
1200 2472 1287 2525 ejus
1308 2472 1373 2511 di-

767 2532 1077 2579 vendebantur,
1118 2547 1165 2572 ac
1202 2533 1374 2585 pecunia

38 2636 47 2639 ,
106 2602 256 2631 nomen
287 2606 310 2633 a
341 2592 529 2635 vincendo
564 2595 603 2637 ὅ(
627 2609 708 2650 po·
770 2607 820 2633 ex
853 2593 916 2632 his
949 2593 1106 2633 redaea
1140 2592 1284 2635 Cereri
1314 2593 1377 2649 sag

772 2669 838 2697 CIR
873 2664 975 2697 erat.

985 2708 1102 2777 Hi}
