1652 3083
293 119 414 184 454
579 103 843 162 T1T1
943 105 1277 162 L1V11

92 185 549 254 U.c,354,postquam
583 185 791 236 obtineri
834 204 932 234 non
972 199 1196 251 poterat,
1231 197 1394 231 tamen
1426 178 1567 229 labe-

90 253 527 309 a.C.398·fa8tandae
555 268 575 319 5
600 255 718 321 legis
743 252 1005 302 Treboniae
1035 252 1174 301 causa
1205 248 1426 299 effe8tum
1462 248 1529 297 est
1550 282 1568 307 ,

292 335 345 370 ut
386 335 731 387 cooptarentur
762 323 940 370 tribuni
974 320 1128 385 plebis
1163 317 1226 369 C.
1255 318 1479 367 Lacerius
1511 316 1575 366 δι’

292 388 368 439 Μ.
389 387 587 438 Acutius
605 428 621 451 ‚
649 389 776 438 haud
799 389 943 436 dubie
962 389 1271 453 patriciorum
1289 385 1482 452 opibus.

367 455 454 505 XI.
474 456 594 506 Fors
612 459 676 505 ita
694 457 800 505 tulit
822 493 836 516 ‚
861 471 912 504 ut
940 472 1002 504 eo
1022 473 1150 503 anno
1169 453 1383 503 tribunus
1414 450 1570 519 plebis

295 522 359 575 C.
380 522 656 574 Trebonius
676 522 820 582 esset,
853 525 933 588 qui
961 524 1148 572 nomini
1177 539 1232 571 ac
1259 521 1446 571 familiae
1478 520 1571 568 de-

295 592 450 642 bitum
484 592 702 658 praestare
737 591 979 640 videretur
1010 589 1273 640 Treboniae
1320 589 1437 655 legis
1474 605 1572 654 pa-

297 662 558 710 trocinium
577 676 592 719 ;
626 660 664 706 is
695 662 817 723 quod
822 656 1029 726 petzſjent
1046 661 1206 708 Patres
1226 659 1409 724 quidam
1431 694 1448 714 ,
1471 656 1570 721 pri-

301 748 373 777 mo
399 730 573 792 incepto
602 728 792 792 repulsi,
823 742 968 776 tamen
990 728 1185 774 tribunos
1211 726 1407 774 militum
1430 741 1571 790 expu-

298 792 452 862 gnaffi
483 793 753 844 vociferans
779 812 793 854 3
838 796 971 862 legem
1010 796 1268 843 Treboniam
1298 790 1527 855 fiiblatam
1548 827 1568 849 ‚

305 864 351 911 δ’
383 877 618 928 cooptatos
658 864 858 910 tribunos
880 863 1029 928 plebis
1050 900 1068 921 ,
1111 880 1200 910 non
1229 858 1463 927 suffragiis
1481 877 1571 924 po-

295 930 444 996 puli,
476 929 561 993 sed
595 932 776 996 imperio
819 933 1111 996 patriciorum
1144 948 1157 978 .·
1215 930 1259 977 δ’
1297 929 1345 975 eo
1390 927 1576 975 devolvi

305 1016 391 1045 rem
414 1034 431 1056 ,
480 1013 531 1045 ut
569 1013 650 1045 aut
681 1000 911 1063 patricii,
951 1013 1033 1046 aut
1072 999 1367 1063 patriciorum
1404 994 1575 1060 affeclae

305 1066 501 1114 habendi
533 1067 700 1113 tribuni
723 1066 872 1132 plebis
892 1067 1022 1130 fint:
1050 1067 1159 1130 eripi
1181 1063 1389 1129 sacratas
1420 1064 1569 1130 leges,

305 1135 557 1198 extorqueri
588 1135 867 1182 tribunitiam
889 1135 1184 1200 potestatem:
1227 1135 1278 1180 ia'
1298 1132 1463 1198 fraude
1487 1149 1576 1196 pa-

301 1202 527 1250 triciorum
548 1239 565 1260 ‚
594 1200 753 1265 scelere
796 1220 850 1250 ac
876 1204 1132 1268 proditione
1167 1201 1433 1267 collegarum
1462 1196 1572 1264 fac·

301 1283 396 1317 tum
423 1286 636 1337 arguere.
673 1269 704 1319 6
733 1268 903 1334 Quum
938 1270 1161 1318 arderent
1201 1269 1382 1319 invidia
1407 1305 1422 1326 ,
1472 1283 1573 1314 non

298 1335 466 1386 Patres
493 1337 644 1386 modi)
668 1375 682 1398 ‚
716 1337 797 1386 sed
828 1340 973 1386 etiarn
999 1337 1172 1386 tribuni
1193 1337 1348 1403 plebis
1375 1373 1390 1393 ‚
1421 1351 1575 1399 coop-

299 1406 384 1452 tati
405 1405 611 1470 pariter,
642 1405 696 1454 &
729 1405 809 1470 qui
839 1419 1187 1472 cooptaverant
1212 1422 1225 1464 3
1261 1419 1365 1452 tum
1388 1419 1447 1452 ex
1472 1402 1576 1451 col·

153 1476 258 1518 'Duo
301 1473 433 1538 legio
466 1487 594 1534 tre5‚
630 1472 682 1523 P.
713 1472 969 1535 Curatius,
1006 1473 1080 1522 M.
1118 1471 1331 1521 Metilius
1358 1508 1372 1529 ‚
1414 1472 1465 1519 &
1500 1469 1582 1518 Μ.’

100 1535 168 1579 Tr.
189 1538 289 1579 Mil.
306 1540 549 1591 Minucius
570 1579 585 1601 ‚
617 1541 794 1608 trepidi
827 1559 985 1591 rerum
1015 1541 1199 1590 suarum
1227 1578 1242 1600 ,
1271 1542 1322 1587 in
1356 1537 1574 1605 Sergium

92 1597 280 1716 Ξῖηὶἧί·
304 1607 673 1676 Virginiumque
722 1611 893 1674 prioris
930 1612 1040 1658 anni
1089 1609 1305 1657 tribunos
1349 1607 1575 1655 militares

148 1678 179 1700 r1
211 1677 263 1701 ris
304 1677 315 1688 ·
620 1679 630 1688 ·

97 1721 286 1780 accusati.
309 1761 404 1811 que
435 1782 449 1804 ‚
494 1745 573 1793 die
615 1744 735 1795 ἀίξὶὲι
767 1782 782 1806 ,
838 1760 1074 1794 avertunt.
1126 1745 1307 1809 Quibus
1345 1743 1534 1790 deleatis
1557 1779 1575 1800 ,

308 1813 471 1878 quibus
498 1814 708 1861 tributum
725 1851 742 1872 ,
769 1816 930 1879 quibus
952 1816 1133 1861 diutina
1160 1813 1328 1861 militia
1347 1848 1364 1869 ,
1395 1811 1575 1876 longin-

305 1879 540 1945 quitasque
574 1882 681 1929 belli
706 1883 770 1945 sit
791 1884 947 1949 gravis
965 1920 981 1940 ‚
1021 1883 1098 1946 qui
1137 1881 1264 1928 clade
1301 1880 1485 1943 accepta
1515 1879 1580 1924 ad

307 1951 444 1997 Veios
487 1949 669 1996 doleant
708 1988 724 2007 ,
775 1952 852 2014 qui
889 1952 981 1997 ami
1014 1969 1053 1996 zs
1094 1949 1279 2005 liberis,
1314 1944 1573 2011 fratribus,

294 2018 570 2082 propinquis
587 2054 604 2074 ,
639 2017 853 2084 affinibus
868 2055 886 2075 ,
915 2018 1117 2083 lugubres
1145 2019 1299 2064 domos
1338 2015 1531 2062 habeant
1551 2031 1574 2071 ;

303 2084 366 2131 iis
394 2084 573 2148 publici
595 2087 855 2149 privatique
889 2087 1057 2132 doloris
1096 2082 1362 2148 exsequendi
1382 2080 1465 2148 jus
1490 2099 1578 2146 po-

305 2152 583 2216 testatemque
618 2170 673 2199 ex
705 2154 877 2200 duobus
900 2154 1059 2200 noxiis
1088 2152 1315 2217 capitibus
1345 2151 1496 2196 datam
1519 2149 1575 2195 ab

304 1691 548 1725 incurrunt
575 1694 585 1725 z
619 1695 666 1725 m
703 1695 788 1726 eos
820 1678 879 1726 ab
911 1677 955 1726 se
988 1680 1105 1725 iram
1141 1677 1294 1740 plebis
1322 1675 1577 1724 invidiam·
1651 1717 1652 1749 ἢ

295 2216 347 2281 st
368 2232 657 2269 memorant.
694 2221 908 2269 Omnium
933 2238 1125 2285 namque
1157 2220 1373 2267 malorum
1400 2219 1448 2264 in
1475 2219 1574 2264 Ser·
1632 2243 1636 2282 ξ,

370 2329 524 2384 5Legis
554 2330 781 2386 Treboniae]
810 2332 910 2375 Vid.
973 2330 1120 2384 paffivo
1164 2358 1175 2378 ,
1242 2340 1286 2369 ut
1358 2330 1579 2382 loquuntur
1632 2301 1637 2315 i

305 2391 336 2431 l.
370 2390 462 2435 111,
496 2405 533 2431 c.
561 2391 635 2443 65.
975 2391 1236 2432 Grammatici
1258 2418 1269 2438 ,
1314 2390 1457 2436 sensu,
1496 2404 1578 2430 non

368 2454 393 2490 6
429 2451 556 2508 Quum
590 2454 771 2493 arderent
811 2453 909 2494 invi·
972 2468 1045 2506 pro
1079 2454 1175 2493 odio
1213 2452 1320 2508 quod
1356 2452 1530 2507 gerimus
1557 2479 1570 2500 ‚

307 2513 404 2565 dia]
437 2513 571 2565 Quum
598 2513 706 2555 invifi
737 2516 778 2556 &
810 2515 910 2556 infa·
972 2516 1038 2555 sed
1069 2529 1142 2568 pro
1188 2529 1241 2556 eo
1282 2514 1391 2570 quod
1427 2514 1467 2554 in
1498 2525 1576 2555 nos

307 2587 391 2614 mes
421 2575 524 2626 apud
550 2577 740 2629 populum
766 2576 908 2618 effent.
972 2576 1058 2634 quis
1088 2578 1227 2621 habet·

304 2633 466 2677 Invidia
480 2637 718 2697 plerumque
747 2638 911 2682 sumitur

1631 2444 1640 2504 ξ

1637 2505 1641 2523 i

1624 2526 1643 2607 i.

1634 2609 1643 2622 ἰ

1635 2628 1643 2651 ⁵«
