1652 3083
319 83 436 139 470
602 70 655 127 T
700 92 725 130 1
769 91 810 132 T
854 97 878 135 1
975 82 1020 138 L
1065 104 1088 140 1
1139 102 1181 140 v
1229 105 1253 144 1
1298 108 1326 145 1

116 146 504 208 U.c.35o.partitae
525 186 538 207 ‚
566 166 645 200 aut
677 154 905 207 invidiam
937 165 1064 226 apud
1096 163 1259 215 Patres
1292 184 1353 217 ex
1380 170 1584 238 prodiga

113 208 285 256 &2:393
320 212 572 277 largitione
618 237 842 286 caperet,
879 228 1036 277 literas
1073 233 1132 280 ad
1169 235 1379 285 senatum
1418 239 1540 286 mint
1570 255 1583 287 :

173 282 296 322 Deli-
318 281 470 329 Deam
506 285 821 339 immortalium
849 295 1121 361 benignitate
1157 335 1168 350 ‚
1203 301 1306 364 suis
1339 306 1541 368 consiliis
1561 343 1581 364 ‚

111 340 262 384 beratio
311 350 543 410 patientia
562 356 753 405 militum
775 398 792 417 ,
824 364 960 409 Veios
970 362 1071 428 jam
1087 365 1188 430 fore
1209 372 1256 417 in
1267 376 1481 438 potestate
1496 390 1584 438 po-

111 405 157 442 de
171 409 299 471 praeda
308 415 416 478 puli
433 421 630 470 Romani
642 443 664 483 ,·
687 430 800 490 quid
815 430 1027 493 depraeda
1036 431 1302 497 faciendum
1320 440 1533 504 censerent
1549 442 1580 488 Ρ

111 463 438 532 Vffi‘m‘mDuae
484 486 695 539 senatum
745 494 1028 548 distinebant
1068 499 1354 554 sententiae:
1395 525 1428 571 7
1461 508 1582 556 senis

313 548 364 598 P.
393 551 595 614 Licinii,
629 577 775 623 quem
812 565 1016 627 primum
1047 568 1209 620 dixisse
1241 591 1268 620 a
1295 572 1396 624 filio
1430 578 1580 624 inter-

309 636 533 687 rogatum
564 624 721 674 ferunt
742 667 755 685 ‚
790 631 913 681 edici
948 637 1104 699 palam
1136 640 1327 704 placere
1359 644 1581 708 populo,

307 702 360 736 ut
396 691 475 754 qui
512 695 752 760 particeps
795 698 888 748 effe
923 705 1095 766 praedae
1125 708 1274 757 vellet
1298 747 1312 768 ,
1354 713 1403 759 in
1435 710 1582 759 castra

307 752 463 803 Veios
497 760 620 808 iret:
660 764 808 813 altera
849 768 945 833 Ap.
986 769 1215 835 Claudii,
1248 778 1329 842 qui
1365 779 1581 846 largitio-

302 839 416 870 nem
454 843 631 875 novam
659 867 674 888 ,
716 834 968 902 prodjgam
1001 876 1015 898 ‚
1050 841 1370 907 inaequalem,
1403 850 1577 896 incon·

297 887 464 938 sultam
491 912 694 961 arguens
714 937 728 958 ‚
763 899 793 947 fi
817 901 963 953 semel
986 907 1116 956 nefas
1137 911 1367 962 ducerent
1385 930 1575 980 captam

300 972 360 1004 ex
384 957 595 1011 hostibus
629 967 675 1013 in
699 973 865 1019 aerario
897 975 1123 1025 exhausto
1155 979 1292 1028 bellis
1323 985 1576 1047 pecuniam

297 1023 393 1076 effe
417 1065 430 1086 ‚
461 1030 626 1080 3υᾶοτ
655 1051 754 1083 erat
786 1036 1004 1104 stipendii
1034 1061 1092 1092 ex
1117 1063 1172 1094 ea
1205 1053 1408 1113 pecunia
1435 1052 1575 1116 militi

296 1100 619 1160 numerandi,
657 1118 708 1150 ut
746 1121 807 1153 eo
844 1109 998 1158 minus
1035 1112 1199 1162 tributi
1239 1117 1405 1182 plebes
1444 1136 1572 1169 con-

296 1161 460 1213 ferret.
493 1167 615 1232 Ejus
644 1174 760 1219 enim
783 1176 893 1224 doni
912 1176 1172 1240 societatem
1183 1181 1394 1248 finficras
1414 1207 1568 1253 aequa-

298 1231 402 1279 liter
430 1238 627 1284 omnium
660 1241 814 1288 domos
841 1261 856 1292 .·
896 1264 987 1294 non
1015 1251 1183 1297 avidas
1214 1253 1263 1300 in
1296 1256 1567 1321 direptiones

297 1316 461 1348 manus
484 1303 721 1367 otiostirum
760 1311 1024 1362 urbanorum
1053 1334 1348 1384 praerepturas
1374 1321 1568 1388 fortium

296 1366 558 1418 bellatorum
573 1378 761 1438 prcemia
783 1375 863 1439 effe
883 1399 906 1439 ,·
941 1401 1075 1447 quum
1108 1387 1175 1432 ita
1191 1385 1330 1452 ferme
1355 1394 1562 1451 eveniat,

297 1433 327 1482 8
351 1450 401 1482 ut
418 1436 600 1504 segnior
618 1443 683 1504 fit
699 1448 959 1508 praedator,
993 1466 1044 1499 ut
1067 1452 1248 1519 quisffle
1266 1457 1434 1506 laboris
1448 1462 1569 1525 peri-

294 1503 475 1569 culique
493 1512 770 1575 praecipuam
792 1530 939 1579 petere
966 1534 1138 1583 panem
1162 1521 1325 1585 soleat.
1362 1524 1567 1576 Licinius

293 1572 466 1621 contre
489 1574 748 1641 suspeffilam
773 1583 824 1630 &
850 1585 1047 1635 invisam
1071 1587 1257 1656 semper
1277 1609 1384 1641 eam
1412 1612 1569 1660 pecu·-

293 1641 422 1687 niam
455 1640 562 1691 fore
592 1648 750 1697 aiebat
770 1687 784 1709 ,
820 1652 1070 1721 causasque
1102 1659 1352 1710 criminum
1376 1663 1436 1710 ad
1461 1664 1570 1729 ple·
1608 1682 1612 1685 “

293 1706 443 1768 bem,
491 1713 781 1764 seditionum
819 1721 933 1769 inde
963 1760 977 1783 ‚
1027 1741 1080 1771 ac
1119 1726 1280 1793 legum
1327 1748 1567 1782 novarum
1618 1756 1623 1765 *

291 1778 613 1840 praebituram.
646 1786 808 1833 Satius
825 1789 964 1854 igitur
981 1788 1061 1853 effe
1079 1797 1358 1845 reconciliari
1377 1817 1425 1846 eo
1443 1803 1562 1848 dono

284 1844 434 1909 plebis
462 1850 641 1896 animos
658 1870 680 1910 ;
711 1855 940 1922 exhaustis
965 1874 1099 1923 atque
1123 1865 1377 1912 exinanitis
1396 1869 1562 1916 tributo

291 1926 359 1958 tot
399 1931 617 1965 annorum
647 1918 849 1982 ficccurri
865 1944 886 1984 ;
922 1926 966 1973 ὃ)
985 1925 1147 1989 sentire
1177 1932 1336 1996 prcedae
1364 1932 1561 1998 frut‘lum

291 1997 350 2027 ex
373 1999 420 2027 eo
443 1982 558 2030 bello
574 2023 591 2043 ‚
619 1987 667 2034 in
696 2008 782 2054 quo
797 2010 937 2058 prope
952 1993 1255 2058 consenuerint
1269 2019 1291 2059 ‚-
1317 2005 1491 2068 gratius
1510 2006 1564 2051 id

280 2044 383 2112 fore
413 2049 641 2117 laetiusque
662 2093 678 2113 ,
717 2062 840 2123 quod
863 2060 1044 2127 quisque
1067 2063 1159 2127 fici
1188 2086 1325 2116 manu
1357 2088 1412 2118 ex
1442 2073 1559 2137 hoste

289 2130 470 2180 captum
491 2121 667 2170 domum
698 2128 924 2187 retulerit,
957 2132 1090 2194 qurim
1108 2134 1157 2196 si
1180 2136 1419 2203 multiplex
1449 2140 1560 2203 alte-

288 2185 384 2231 rius
411 2186 592 2235 arbitrio
624 2196 839 2259 accipiat.
874 2197 1026 2262 Ipsum
1060 2203 1311 2252 difflatorem
1345 2220 1375 2269 9
1403 2205 1559 2274 fhgere

288 2296 475 2349 partione
497 2312 506 2339 :
529 2300 553 2340 si
571 2301 730 2344 nimicnn
749 2321 891 2359 parcus
956 2311 1121 2365 quisque
1142 2313 1188 2352 ad
1210 2315 1388 2356 laborem
1419 2319 1560 2371 capes·

288 2358 477 2400 militibus
498 2360 536 2401 in
557 2363 766 2407 dividenda
789 2384 891 2422 prae-
956 2373 1115 2412 sendum
1137 2375 1393 2430 periculaque
1411 2380 1559 2421 adeun·
1616 2388 1624 2422 ἔ

290 2419 337 2459 cla
355 2421 572 2464 videretur.
954 2434 1000 2473 da
1033 2437 1256 2489 promptior
1283 2439 1337 2478 est
1367 2468 1379 2487 ,
1419 2455 1469 2481 eo
1501 2441 1561 2483 se·

350 2495 375 2532 7
397 2482 510 2525 Senis
536 2484 583 2526 P.
607 2486 786 2541 Licinii]
807 2492 888 2532 Vel
953 2496 1068 2550 gnior
1087 2498 1321 2554 plerumque
1335 2501 1379 2543 fit
1395 2503 1442 2542 ad
1461 2517 1560 2557 prae-
1596 2520 1610 2538 ν

288 2542 380 2596 lege
396 2547 456 2583 vol
470 2546 667 2603 intellige,
683 2549 886 2605 unasenis„
954 2559 1139 2598 dandum.
1599 2616 1606 2627 ι

353 2605 375 2644 S
409 2605 465 2646 Ut
480 2605 672 2665 segnior]
702 2612 757 2652 Ut
777 2641 787 2661 ‚
807 2630 887 2669 quo
1013 2631 1036 2671 9
1058 2619 1201 2676 Fugere
1220 2622 1406 2666 invidiam
1418 2640 1467 2667 ex
1482 2641 1527 2668 eo
1545 2655 1558 2678 ,
1591 2651 1598 2663 ι
