1704 3073
1655 0 1687 105 ,ρετ-..ἱ

1679 100 1687 158 ‚M-

335 67 451 123 214
613 53 668 112 T
715 77 738 115 1
782 74 823 116 T
868 79 893 118 1
988 63 1034 121 L
1081 84 1105 122 1
1150 81 1195 122 v
1238 85 1263 123 1
1311 89 1339 128 1
1666 124 1673 140 ,

123 132 480 193 U,c,2g3,minat
509 149 704 202 quoque
740 140 955 191 tribunos
978 181 993 205 ‚
1023 144 1084 194 C.
1107 146 1333 198 Sicinium
1357 188 1371 211 ‚
1413 150 1469 202 L.
1493 150 1612 204 Nu&
1645 163 1650 167 ”
1682 160 1686 195 ἲ

119 193 313 249 31.C·469·
331 198 577 249 mitorium
596 238 610 262 ‚
643 204 716 253 M.
740 206 957 258 Duilium
981 249 996 272 ,
1042 212 1126 279 Sp.
1157 213 1371 279 Icilium,
1413 220 1467 270 L.
1493 223 1607 273 Me·
1666 224 1686 270 ἰζ

329 265 509 315 cilium.
546 268 777 322 Volscum
807 276 1160 347 AEquicumque
1192 321 1209 342 ‚
1258 287 1382 335 inter
1409 287 1609 340 seditio-
1667 330 1672 331 ν

329 350 445 382 nem
464 333 737 388 Romanam
758 379 771 401 ‚
805 341 871 390 est
892 346 1073 395 bellum
1095 367 1318 401 coortum
1345 372 1359 414 3
1390 357 1611 408 vastavess-

328 417 436 451 rant
460 421 599 471 agros
623 445 639 464 ,
674 423 722 455 ut
745 409 778 457 fi
808 429 900 476 qua
929 413 1125 464 seceffio
1156 420 1310 482 plebis
1336 421 1476 473 fieret
1499 461 1513 484 ‚
1543 427 1606 476 ad

325 467 373 518 se
395 486 643 537 receptum
665 476 880 527 haberet.
911 479 1207 547 Compositis
1231 488 1407 539 deinde
1429 492 1569 542 rebus
1587 532 1604 556 ,

324 533 472 586 castra
499 556 629 590 retro
664 561 884 595 movere.
920 548 1019 615 Ap.
1060 549 1291 603 Claudius
1321 560 1368 605 in
1396 558 1605 611 Volscos

323 604 501 654 missus,
538 606 747 672 Quintio
769 615 914 681 AEqui
935 620 1182 681 provincia
1204 627 1384 674 evenit.
1412 625 1602 680 Eadem

322 672 372 720 in
394 675 558 723 militia
580 675 756 727 saevitia
775 683 921 748 Appii
943 703 1045 751 quae
1069 688 1204 738 domi
1228 690 1349 751 effe3
1387 711 1448 743 eo
1471 697 1603 746 libe-

321 742 422 788 rior
445 778 459 798 ‚
500 745 630 808 quod
664 746 759 796 fine
781 753 1039 801 tribunitiis
1055 758 1258 807 vinculis
1281 774 1397 809 erat.
1431 761 1601 815 Odiss'e

319 809 521 872 plebem
556 813 661 878 plus
687 816 829 881 quani
862 836 1065 885 paterno
1094 825 1243 874 odio:
1273 830 1334 875 Se
1352 831 1518 879 viffum
1540 834 1599 880 ab
1667 855 1686 902 ὲ

319 894 373 922 ea
393 895 407 924 :
427 876 478 940 se
495 894 528 937 7
546 884 680 929 unico
702 885 878 949 consule
896 887 1059 956 objed‘i‘o
1078 894 1296 942 adversim
1312 898 1595 949 tribunitiam

309 947 570 1011 potestatem
592 987 610 1007 ,
647 953 871 1016 perlatam
908 957 1041 1023 legem
1079 959 1161 1024 effi
1189 1000 1205 1020 ,
1259 982 1394 1029 quam
1430 969 1597 1016 minore

316 1029 484 1061 conatu
512 1053 530 1072 ‚
575 1036 860 1085 nequaquam
892 1027 1025 1073 tanta*
1062 1029 1250 1077 Patrum
1276 1031 1393 1098 spe,
1419 1037 1593 1099 priores

314 1080 594 1145 impedierint
611 1086 827 1149 consules.
854 1090 970 1140 Haec
989 1095 1055 1142 ira
1072 1096 1436 1166 indignatioque
1457 1101 1594 1152 fero-

311 1163 420 1195 cem
447 1152 661 1200 animum
687 1155 749 1202 ad
771 1160 1047 1209 vexandum
1069 1163 1195 1213 saevo
1217 1169 1424 1233 imperio
1446 1187 1592 1220 exer-

311 1215 458 1264 citum
497 1217 803 1284 stimulabat3
838 1244 928 1275 nec
961 1229 1056 1277 ulla
1087 1234 1137 1280 vi
1172 1234 1358 1283 domari
1382 1237 1417 1286 8⁴
1440 1253 1590 1304 pote·

156 1285 294 1349 'Appio
309 1296 409 1330 rat:
432 1298 619 1335 tantum
640 1307 887 1342 certamen
905 1299 1074 1347 animis
1093 1301 1398 1352 imbiberant.
1416 1304 1591 1373 Segni·
1673 1301 1704 1341 *¹

97 1351 178 1407 cos.
205 1356 262 1395 in·
310 1363 416 1411 ter,
452 1356 609 1405 otiose
630 1395 644 1416 ,
673 1361 975 1427 negligenter
998 1403 1013 1425 ,
1046 1374 1392 1421 contumaciter
1422 1377 1591 1425 omnia

87 1412 225 1468 sensus
306 1434 487 1483 agere3
524 1441 616 1473 nec
655 1429 850 1490 pudor,
889 1449 981 1482 nec
1016 1451 1173 1484 metus
1215 1442 1488 1491 coercebat.
1537 1443 1586 1493 Si

94 1478 243 1518 exerci-
304 1487 442 1536 citius
478 1493 551 1557 agi
592 1495 743 1543 vellet
777 1513 984 1563 agmen,
1029 1506 1206 1553 tardius
1242 1507 1410 1557 sedulo
1448 1512 1586 1561 ince-
1677 1556 1682 1560 ,

88 1547 170 1581 ¹¹¹⁶·
303 1553 419 1605 clere
449 1573 460 1604 :
495 1558 529 1606 fi
559 1559 843 1613 adhortator
876 1570 1034 1633 operis
1066 1572 1274 1632 adeffet,
1309 1595 1482 1627 omnes
1503 1578 1582 1630 su&
1678 1581 1704 1620 2¹

234 1649 236 1653 -
298 1621 472 1687 sponte
501 1641 531 1690 9
571 1644 759 1678 motam
789 1637 1034 1686 remittere
1062 1641 1373 1705 industriam3
1406 1663 1425 1694 1
1460 1664 1582 1713 prae-
1647 1683 1686 1723 ,ἐ

294 1688 418 1738 senti
460 1693 620 1743 vultus
665 1697 918 1752 demittere
947 1741 962 1764 ‚
1011 1710 1154 1756 tacite
1207 1719 1581 1775 praetereuntem
1661 1723 1686 1794 'g

296 1757 561 1809 exsecrari:
585 1777 638 1812 ut
657 1766 855 1817 invictus
878 1771 958 1820 ille
980 1775 1098 1823 odio
1130 1777 1326 1842 plebeio
1357 1784 1542 1831 animus
1561 1820 1581 1844 ‚.
1672 1787 1686 1817 ὲ

288 1825 532 1876 interdum
555 1847 856 1886 moveretur.
890 1838 1046 1908 Omni
1079 1848 1401 1912 nequicquam
1436 1867 1577 1900 acer-

289 1892 441 1943 bitate
461 1901 690 1965 prompta
715 1940 731 1962 ‚
762 1906 878 1954 nihil
903 1905 999 1971 jam
1024 1927 1132 1959 cum
1154 1914 1380 1964 militibus
1400 1935 1569 1984 agere:

287 1977 318 2009 a
353 1967 715 2018 centurionibus
757 1990 1036 2042 corruptum
1071 1984 1332 2031 exercitum
1367 1986 1529 2036 dicere
1558 2004 1572 2036 :

347 2062 377 2101 7
401 2050 531 2095 Unico
551 2054 741 2113 consule]
764 2060 899 2113 Quem
963 2065 1028 2105 sua
1075 2068 1215 2118 sponte
1259 2086 1416 2113 manum
1454 2075 1575 2126 operi

286 2108 446 2152 senatus
479 2117 683 2159 consulem
716 2121 892 2172 feciffet,
962 2128 1220 2171 admoviffent
1238 2160 1251 2177 ,
1278 2132 1303 2172 fi
1329 2135 1571 2177 hortaturus

285 2180 617 2226 tamquamunum
632 2182 897 2225 maximeido-
960 2187 1114 2242 Appius
1137 2191 1422 2245 supervenisset
1446 2224 1457 2243 ,
1481 2210 1572 2237 om-

284 2246 404 2274 neum
417 2237 465 2275 ad
483 2242 757 2286 retundendos
774 2247 896 2289 tribu·
959 2263 1030 2290 nes
1050 2252 1231 2294 consulto
1251 2255 1405 2309 segnius
1425 2271 1571 2312 agere.

291 2294 413 2337 nitios
442 2296 630 2350 impetus.
966 2319 971 2322 ·
1024 2324 1039 2351 1
1062 2311 1252 2366 Praesenti
1279 2317 1408 2359 vultus
1430 2319 1568 2360 demit-

351 2356 375 2396 8
407 2356 608 2415 Poterat]
642 2363 776 2420 Magis
808 2370 894 2421 pla·
956 2374 1071 2426 tere]
1108 2376 1185 2415 Ubi
1214 2378 1385 2429 praesens
1408 2380 1572 2433 Appius

287 2427 401 2457 ceret
432 2433 652 2473 poterant,
684 2432 892 2479 quomodo
959 2434 1055 2474 effer
1081 2464 1094 2483 ,
1135 2439 1288 2479 vultum
1332 2441 1371 2481 ὃ(
1418 2444 1570 2483 oculos

281 2477 323 2517 in
344 2480 526 2531 proxime
544 2484 799 2539 sequentibus
818 2492 888 2533 im-
959 2494 1133 2551 defigere
1153 2498 1190 2538 in
1204 2510 1350 2544 terram
1364 2528 1381 2552 s
1395 2515 1449 2546 ne
1469 2516 1563 2546 eum·

278 2536 482 2582 biberant.
954 2556 1229 2605 intuerentur,

340 2610 369 2652 9
387 2601 564 2661 Moram]
583 2605 721 2661 Quum
740 2612 891 2656 milites
