1652 3083
313 160 435 223 450
599 140 654 199 T
700 156 722 197 1
765 156 805 198 ‘r
846 154 870 196 1
962 140 1008 196 L
1054 154 1073 194 1
1119 153 1164 192 v
1210 151 1230 192 1
1275 151 1297 191 1

100 227 451 293 'U,c‚353‚gium
472 220 666 273 iterum.
702 221 792 270 His
821 219 1051 278 tribunis,
1083 218 1197 267 dum
1234 233 1342 264 cura
1377 212 1594 263 omnium

117 296 371 350 a.C.399·in
406 292 590 341 Veiens
631 290 812 339 bellum
844 291 1028 336 intenta
1049 285 1146 345 est,
1182 282 1452 351 neglefilum
1487 284 1596 329 An-

321 362 426 410 xuri
446 358 715 428 praesidium
748 355 1076 406 vacationibus
1110 352 1314 401 militum
1338 389 1350 409 ,
1393 353 1443 399 &e
1467 349 1595 396 Vol·

321 429 427 479 scos
461 440 757 478 mercatores
783 423 931 488 vulgo
966 419 1262 486 receptando
1285 457 1299 479 ‚
1333 418 1360 466 8
1393 417 1598 484 proditis

323 495 527 562 repente
572 507 822 560 portarum
864 488 1139 538 custodibus
1174 485 1447 554 oppressum
1489 482 1598 542 est3

320 567 480 617 :minus
507 563 712 611 militum
739 559 880 625 periit
904 594 918 616 ‚
953 558 1062 622 quia
1094 570 1264 622 praeter
1299 571 1451 620 aegros
1479 553 1600 600 lixa·

320 651 431 684 rum
466 635 514 681 in
545 629 747 678 modum
793 642 964 675 omnes
1006 641 1090 690 per
1138 640 1278 689 agros
1325 619 1598 686 vicinasque

321 701 466 751 urbes
502 695 889 763 negotiabantur.
950 691 1056 741 Nec
1090 691 1229 739 Veiis
1265 690 1433 737 melius
1472 686 1600 753 gesta

322 785 400 819 res
418 805 433 828 ‚
458 766 592 833 quod
623 779 723 813 tum
747 776 886 828 caput
909 761 1126 809 omnium
1146 776 1361 806 curarum
1383 755 1600 821 publica-

324 853 433 886 rum
462 848 562 883 erat
593 849 607 892 3
654 846 766 880 nam
805 831 857 878 ὃ(
897 829 1041 876 duces
1079 826 1292 875 Romani
1327 825 1431 891 plus
1476 825 1600 871 inter

321 903 371 953 se
396 905 571 951 irarum
592 937 607 961 ‚
642 898 786 964 quam
815 897 1043 945 adversus
1063 893 1223 943 hostes
1255 894 1397 941 animi
1419 891 1602 939 habue-

322 985 436 1022 runt
460 987 471 1018 :
504 970 555 1018 &
587 966 775 1017 austum
812 965 878 1014 est
899 964 1079 1013 bellum
1108 962 1322 1011 adventu
1344 960 1602 1024 repentino

324 1036 651 1105 Capenatium
675 1048 816 1100 atque
835 1031 1144 1081 Faliscorum.
1178 1029 1246 1077 Hi
1271 1029 1368 1077 duo
1405 1026 1604 1076 Etruriae

366 1107 529 1173 opuli,
563 1105 674 1171 quia
703 1102 909 1169 proximi
949 1101 1150 1166 regione
1179 1112 1315 1146 erant
1344 1133 1359 1156 ‚
1403 1093 1604 1145 devfflis

324 1125 465 1224 {leus
485 1212 500 1234 ,
532 1172 665 1222 bello
687 1185 882 1237 quoque
904 1167 1131 1216 Romano
1155 1166 1201 1215 se
1223 1167 1470 1231 proximos
1494 1162 1602 1211 fore

325 1242 618 1299 credentes3
648 1237 814 1287 Falisci
844 1236 1037 1303 propria
1067 1236 1210 1284 etiam
1245 1232 1385 1281 causa
1406 1229 1561 1280 infesti
1586 1267 1601 1291 ,

327 1311 468 1377 quod
501 1309 719 1358 Fidenati
757 1306 890 1355 bello
933 1304 980 1353 se
1016 1302 1114 1367 jam
1147 1316 1285 1351 antea
1321 1299 1602 1348 immiscue-

326 1393 435 1428 rant
459 1416 474 1438 ,
504 1394 591 1442 per
613 1376 797 1442 legatos
824 1373 948 1422 ultro
983 1374 1200 1437 citroque
1230 1367 1389 1417 missos
1422 1365 1605 1432 jureju-

326 1446 482 1497 rando
515 1448 637 1493 inter
669 1444 715 1492 se
753 1441 982 1508 obligati,
1019 1456 1127 1488 cum
1164 1436 1449 1486 exercitibus
1483 1452 1606 1482 nec-

329 1513 536 1580 opinato
555 1512 614 1560 ad
639 1511 794 1559 Veios
826 1507 1078 1558 accessere.
1110 1506 1256 1555 Forte
1286 1504 1344 1553 ea
1368 1504 1567 1570 regione
1585 1539 1602 1562 ,

328 1582 425 1649 qua
446 1581 637 1630 Manius
668 1577 856 1644 Sergius
883 1577 1099 1624 tribunus
1129 1574 1333 1622 militum
1363 1585 1596 1638 praeerat‚

329 1648 478 1699 castra
507 1648 664 1696 adorti
689 1646 792 1695 sunt
815 1683 829 1705 ‚
857 1646 1201 1711 ingentemque
1222 1654 1456 1689 terrorem
1474 1640 1604 1686 intu-

329 1718 468 1767 lere:
503 1719 613 1782 quia
647 1713 884 1762 Etruriam
927 1727 1124 1760 omnem
1167 1710 1373 1759 excitam
1415 1706 1604 1755 sedibus

331 1785 511 1852 magna
528 1783 659 1832 mole
679 1779 833 1830 adesse
851 1778 1062 1829 Romani
1081 1777 1380 1827 crediderant
1396 1791 1411 1836 3
1433 1773 1604 1823 eadem

332 1855 505 1920 opinio
529 1851 768 1900 Veientes
787 1852 834 1897 in
856 1847 974 1895 urbe
999 1847 1277 1895 concitavit.
1306 1844 1376 1892 lta
1410 1842 1608 1908 ancipiti

331 1921 503 1989 praelio
524 1917 668 1968 castra
687 1915 1089 1984 oppugnabantur
1108 1931 1118 1960 ε
1140 1911 1569 1976 concursantesque
1592 1946 1607 1969 ,

333 2006 484 2054 quum
511 1989 604 2036 huc
640 2001 781 2052 atque
810 1987 918 2032 illuc
949 1982 1076 2050 signa
1112 1978 1422 2029 transferrent
1449 2015 1465 2038 ‚
1512 1994 1605 2026 nec

333 2055 599 2106 Veientem
626 2054 730 2103 satis
751 2052 980 2101 cohibere
1008 2054 1130 2098 intra
1151 2048 1443 2097 munitiones
1465 2083 1480 2105 ,
1514 2062 1606 2094 nec

334 2123 423 2173 suis
456 2123 769 2172 munimentis
810 2136 971 2168 arcere
1007 2120 1108 2166 vim
1135 2154 1149 2177 ‚
1195 2133 1250 2165 ac
1292 2117 1410 2164 tueri
1461 2112 1506 2161 se
1545 2114 1606 2161 ab

336 2193 574 2241 exteriore
606 2203 830 2256 poterant
859 2185 1009 2234 hoste.
1037 2185 1150 2233 Una
1179 2183 1284 2249 spes
1320 2197 1418 2232 erat
1439 2219 1453 2241 ‚
1482 2179 1516 2227 si
1548 2197 1608 2229 ex

333 2258 595 2323 majoribus
616 2256 769 2306 castris
787 2254 1116 2303 subveniretur
1133 2289 1148 2312 ‚
1167 2266 1218 2300 ut
1237 2249 1433 2298 diversae
1453 2250 1609 2314 legio·

333 2345 420 2377 nes
447 2366 462 2389 ,
503 2326 605 2374 aliae
638 2325 867 2374 adversus
907 2320 1211 2388 Capenatem
1247 2335 1302 2367 ac
1334 2316 1568 2366 Faliscum
1591 2353 1607 2377 ,

335 2397 439 2445 aliae
473 2408 642 2443 contra
675 2393 983 2458 eruptionem
1023 2388 1382 2454 oppidanorum
1426 2402 1609 2451 pugna-

332 2478 456 2513 rent.
504 2462 602 2512 Sed
626 2460 783 2510 castris
817 2471 1017 2523 praeerat
1049 2455 1298 2523 Virginius
1327 2491 1342 2515 ‚
1382 2454 1607 2519 privatitn

333 2531 505 2599 Sergio
540 2529 715 2578 invisus
747 2525 1030 2592 infestusque
1053 2542 1068 2585 3
1094 2525 1131 2574 is
1156 2561 1169 2585 ,
1204 2540 1353 2589 quum
1375 2521 1606 2587 pleraque

397 2618 421 2658 8
439 2616 613 2657 Proditis
631 2611 786 2670 repente}
801 2625 935 2668 porta·
1001 2611 1085 2665 est]
1113 2610 1244 2665 Junge
1262 2608 1329 2648 {ibi
1352 2609 1524 2649 invicem
1546 2621 1607 2657 req

334 2693 415 2721 rum
460 2675 676 2732 custodibus
725 2672 936 2733 oppreffum
996 2669 1115 2729 pente}
1140 2669 1351 2727 oppreffum
1376 2669 1446 2725 est.
