1704 3073
303 103 434 179 336
599 104 1299 164 T1T1L1V11

113 183 441 249 U.c.303‚,ipsos
479 182 729 251 postulasse
754 222 769 246 ‚
822 203 910 236 nec
948 187 1159 236 delatum
1192 189 1245 236 iis
1288 188 1347 238 ab
1389 187 1588 249 senatu}

113 249 500 316 a·C·443-accipio
536 270 547 301 ι
585 270 673 303 nec
725 254 922 302 traditur
962 254 1092 303 causa
1133 255 1313 321 spreti,
1359 273 1438 305 aut
1485 272 1588 304 non

313 317 488 384 sperati
522 320 737 370 honoris.
775 320 880 387 Ego
914 338 1144 386 quantum
1180 325 1228 371 in
1267 337 1404 371 tanto
1438 325 1588 371 inter·

312 387 446 435 vallo
467 401 741 453 temporum
767 387 974 452 conjicio
998 425 1012 447 ‚
1041 407 1185 454 quum
1212 389 1413 438 Valerio
1443 405 1589 456 atque

312 453 520 503 Horatio
565 455 835 504 consulibus
862 492 876 514 ,
920 457 1001 520 qui
1061 470 1233 521 praeter
1276 457 1485 506 Volscos
1536 456 1599 505 &⁷

311 521 498 587 AEquos
532 521 693 570 Sabini
728 524 872 570 etiarn
897 522 1013 570 belli
1037 523 1234 587 perfeffi
1271 525 1474 590 gloriam
1496 540 1591 589 pe·
1657 526 1663 534 '

310 603 537 655 pererant
560 628 574 647 ,
614 604 808 656 negatus
844 590 903 637 ab
935 589 1094 639 senatu
1137 593 1404 658 triumphus
1440 590 1592 652 effet3

311 657 619 706 verecundiae
655 657 742 705 fuit
771 674 859 721 pro
897 671 1032 722 parte
1060 658 1254 706 dimidia
1288 676 1448 708 rerum
1482 676 1594 707 con-

313 724 486 773 sulibus
515 739 680 788 petere
719 726 1011 788 triumphurn
1048 742 1059 772 ι
1092 742 1185 782 ne,
1221 726 1400 774 etiamfi
1434 728 1593 791 impe-
1643 749 1654 784 3-

312 790 504 841 traffent
525 829 538 848 ‚
574 792 725 858 magis
757 792 1010 841 hominum
1040 794 1162 842 ratio
1187 831 1200 854 ,
1232 794 1376 860 quarn
1403 797 1597 844 merito·

315 876 417 908 rum
449 859 611 908 habita
637 859 901 908 videretur.
1529 902 1540 914 ὁ

384 925 568 974 LXXI.
606 926 873 975 Victoriam
906 925 1152 976 honestam
1178 944 1237 975 ex
1257 927 1471 978 hostibus
1490 945 1599 995 par-

314 1008 439 1052 tam,
463 1008 602 1059 turpe
635 995 769 1044 domi
801 996 859 1044 de
886 993 1062 1044 finibus
1096 994 1335 1045 sociorum
1364 994 1597 1059 judicium

177 1077 304 1133 Turpe
321 1063 489 1127 populi
520 1061 828 1111 deformavit.
869 1063 1047 1110 Aricini
1078 1078 1220 1129 atque
1260 1065 1499 1113 Ardeates
1533 1064 1596 1112 de

103 1137 292 1193 judicium
322 1130 549 1195 ambiguo
573 1148 687 1197 agro
708 1148 853 1196 quum
875 1129 998 1195 saepe
1020 1131 1150 1179 bello
1169 1131 1417 1180 certassent
1435 1169 1449 1192 ‚
1471 1132 1598 1179 mul-

113 1199 239 1240 ΑΒ.
263 1199 378 1245 detis
419 1199 629 1247 invicem
682 1198 891 1247 cladibus
926 1196 1027 1246 feffi
1054 1236 1067 1257 ‚
1105 1197 1316 1262 judicem
1360 1199 1596 1265 populum

104 1257 300 1314 sociorum
323 1264 600 1313 Romanum
639 1282 832 1331 cepere.
864 1264 1036 1330 Quum
1068 1267 1127 1313 ad
1158 1266 1342 1315 causam
1364 1267 1597 1315 orandam

102 1322 269 1378 finibus.
318 1332 589 1392 venissent,
623 1334 832 1382 concilio
867 1334 1034 1399 populi
1075 1353 1100 1381 a
1135 1335 1481 1400 magistratibus
1514 1335 1598 1382 da·

317 1415 403 1460 to,
438 1403 609 1467 magna
646 1403 963 1450 contentione
999 1400 1191 1460 aclum3
1224 1404 1419 1468 jamque
1457 1402 1599 1450 editis

314 1468 510 1518 testibus
530 1505 544 1526 ‚
573 1487 719 1535 quum
751 1471 899 1517 tribus
933 1471 1097 1518 vocari
1131 1469 1183 1517 ὃς
1213 1470 1448 1534 populum
1477 1471 1598 1518 inire

320 1535 591 1603 suffragium
638 1552 933 1601 oporteret,
979 1536 1236 1602 consurgit.
1280 1537 1333 1586 P.
1379 1536 1598 1603 Scaptius

319 1605 379 1653 de
411 1605 586 1667 plebe,
617 1622 793 1670 magno
825 1619 937 1652 natu
968 1620 977 1649 ε
1018 1604 1070 1652 &
1099 1642 1112 1664 ,
1150 1605 1205 1652 Si
1239 1604 1375 1663 licet,
1406 1607 1559 1671 inquit
1579 1641 1595 1664 ,

319 1671 524 1736 confides
546 1710 564 1730 ,
600 1675 651 1719 de
687 1673 912 1737 republica
952 1674 1126 1730 dicere,
1165 1690 1298 1720 errare
1341 1690 1417 1738 ego
1444 1690 1598 1738 popu·-

319 1740 412 1787 lum
432 1743 481 1787 irz
508 1741 594 1786 lzac
623 1739 759 1803 cauſsz
777 1758 867 1787 non
881 1741 1052 1805 patiar.
1079 1738 1250 1803 Quum
1271 1734 1290 1798 ‚⁴
1313 1756 1364 1787 ut
1382 1757 1560 1788 vanum
1577 1776 1596 1800 ‚

319 1823 432 1856 eum
457 1823 690 1873 negarent
723 1806 937 1856 consules
974 1807 1266 1855 audiendum
1305 1805 1428 1867 esse,
1458 1809 1601 1856 voci·
1668 1836 1671 1842 «

319 1873 656 1938 fetantemque
707 1875 851 1941 prodi
883 1874 1121 1940 publicam
1169 1875 1352 1922 causam
1385 1874 1600 1923 summo·

319 1946 424 1991 veri
458 1941 679 2005 jusslssent
701 1980 714 2001 ,
754 1943 972 1990 tribunos
1013 1942 1241 2006 appellat.
1276 1941 1513 2003 Tribuni,
1549 1955 1603 1992 ut

321 2009 423 2059 fere
445 2011 632 2075 semper
662 2026 887 2076 reguntur
906 2029 931 2057 a
956 2007 1262 2059 multitudine
1286 2012 1434 2076 magis
1457 2008 1603 2076 quam

319 2092 517 2143 regunt,
542 2078 721 2126 dedere
739 2077 923 2140 cupidae
947 2077 1171 2126 audiendi
1200 2077 1357 2140 plebi,
1378 2094 1427 2126 ut
1451 2114 1466 2137 ,
1497 2095 1604 2143 quae

321 2147 508 2205 vellet,
540 2144 755 2209 Scaptius
789 2146 987 2195 diceret.
1023 2143 1094 2192 lbi
1138 2142 1240 2192 infit
1269 2181 1282 2200 ,
1322 2146 1513 2193 Annum
1548 2143 1602 2211 fi?

323 2215 497 2261 tertium
543 2214 587 2260 ἐξ*
623 2214 922 2279 oblogefimum
957 2230 1112 2278 agere,
1151 2212 1194 2260 ‹S›
1232 2213 1281 2258 iri
1315 2229 1363 2259 eo
1403 2230 1507 2278 agro
1546 2214 1600 2259 de

327 2299 414 2345 quo
449 2282 603 2345 agitur
626 2318 644 2338 ,
683 2279 892 2343 militaffe
924 2318 941 2338 ‚
981 2298 1070 2327 non
1103 2277 1316 2344 juvenem
1338 2316 1356 2336 ,
1389 2279 1601 2342 vicesima
1638 2286 1642 2291 “

313 2346 418 2416 jam
451 2350 681 2413 stipendia
720 2362 944 2396 merentem
973 2385 992 2404 2
1033 2365 1166 2411 quum
1208 2348 1271 2392 ad
1310 2347 1511 2399 Coriolos
1539 2347 1604 2410 fit

324 2416 554 2462 bellatum.
590 2416 663 2462 Eo
685 2413 735 2477 se
771 2433 853 2462 rem
891 2416 1102 2480 vetustate
1138 2414 1450 2472 obliteratam,
1488 2428 1600 2462 cete-

325 2483 420 2530 rt‘cm
438 2481 534 2545 sicae
570 2484 781 2530 memoriae
824 2483 1050 2545 infixam,
1095 2478 1257 2546 affirre.
1298 2483 1471 2547 Agrum
1493 2519 1511 2540 ,
1547 2483 1604 2527 de

326 2568 413 2615 quo
449 2550 722 2616 ambigitur,
751 2550 918 2612 finium
955 2548 1287 2596 Coriolanorum
1314 2546 1486 2614 fizffl,
1525 2565 1606 2594 ca·-

270 2625 272 2627 ’
319 2615 498 2683 peisque
532 2618 722 2667 Coriolis
739 2615 843 2685 jure
864 2616 969 2664 belli
999 2617 1232 2683 publicum
1254 2617 1421 2683 populi
1435 2619 1607 2667 Roma·
