1643 3078
414 153 458 207 L
504 170 525 208 1
570 169 604 209 Β
652 172 686 212 Ε
733 176 773 216 R
871 165 940 221 V.
1220 196 1331 253 491

65 241 275 290 per-ent,
316 229 364 278 in
407 229 593 282 Italiam
625 234 755 287 Galli
789 244 1213 303 transcenderunt:
1244 275 1337 307 nec
1355 265 1550 320 U.c.364.

68 308 179 341 cum
215 295 285 345 his
319 297 529 361 primum
557 300 864 357 Etruscorum
885 348 899 371 ,
931 313 1009 360 sed
1037 320 1191 368 multo
1225 327 1338 374 ante
1358 322 1548 375 a&3333-

68 377 178 408 cum
213 364 268 410 iis
287 367 368 429 qui
388 367 513 416 inter
536 368 850 436 Apenninum
885 378 1130 451 Alpesque
1155 389 1340 441 incole-

65 426 181 476 bant
196 465 211 489 ,
240 429 363 498 saepe
384 438 619 489 exercitus
640 439 815 493 Gallici
831 463 1128 514 pugnavere.
1151 452 1338 508 Tusco·
1397 466 1546 523 Tusco·

63 511 169 543 rum
196 534 212 557 ‚
264 515 374 550 ante
413 501 691 558 Romanum
736 513 991 579 imperium
1024 555 1038 578 ,
1079 520 1175 570 late
1213 527 1337 574 terr&
1354 543 1434 569 mm
1470 545 1545 570 aa·

61 566 277 630 marique
302 585 422 634 opes
443 586 674 636 patuere3
699 584 816 629 mari
837 581 1024 650 Supero
1045 585 1338 658 Inferoque„
1355 590 1467 643 ‘59¹1ae

59 631 230 697 quibus
262 633 398 686 Italia
429 639 589 689 insulae
626 647 779 697 modo
832 651 1037 718 cingitur
1057 693 1071 716 ‚
1103 675 1338 723 quantum
1355 665 1464 706 opes.

62 703 337 765 potuerint,
359 708 556 757 nomina
575 708 679 759 sunt
706 732 994 782 argumento
1013 760 1027 782 ‚
1056 726 1188 789 quod
1216 729 1339 779 alte-

59 782 164 815 rum
187 767 398 832 Tuscum
428 782 673 827 communi
697 785 940 836 vocabulo
978 795 1133 854 gentis
1154 832 1168 854 ‚
1207 797 1339 847 alte-

58 851 163 882 rum
181 834 482 889 Adriaticum
503 861 634 895 mare
656 885 670 907 ‚
701 850 761 898 ab
782 851 933 902 Adria
953 854 1217 910 Tuscorum
1246 883 1335 916 co-

56 900 191 951 loni&
217 942 231 964 ‚
270 912 723 965 vocavererltalicae
755 936 941 986 gentes.
973 923 1133 976 Graeci
1160 932 1334 984 eadem

56 968 370 1037 Tyrrhenum
407 992 549 1045 atque
587 982 890 1037 Adriaticum
919 1009 1117 1044 vocant.
1148 1013 1179 1059 7
1212 998 1248 1048 Ii
1281 1005 1331 1052 in

53 1054 312 1108 utrumque
349 1063 481 1096 mare
531 1066 789 1118 vergentes
841 1058 1088 1112 incoluere
1133 1067 1331 1118 urbibus

53 1106 294 1159 duodenis
323 1126 472 1164 terras
489 1153 503 1175 ‚
538 1120 664 1184 prius
693 1124 759 1171 cis
778 1123 1093 1191 Apenninum
1113 1170 1127 1192 ,
1154 1135 1214 1182 ad
1240 1134 1330 1184 In-

52 1173 210 1225 ferum
232 1197 397 1243 mare3
427 1183 592 1249 postea
612 1204 740 1238 trans
768 1191 1048 1260 Apennium
1078 1203 1288 1252 totidem
1311 1242 1329 1266 ‚

53 1258 176 1309 quot
212 1249 366 1313 capita
411 1255 606 1319 originis
652 1275 784 1308 erant
822 1300 837 1322 ‚
878 1265 1081 1314 coloniis
1132 1269 1276 1320 miffis
1310 1291 1326 1322 ;

49 1328 193 1378 quae,
222 1327 349 1364 trans
387 1316 567 1369 Padum
603 1329 766 1374 omnia
798 1328 904 1378 loca
927 1370 941 1391 ,
980 1350 1188 1400 excepto
1220 1338 1329 1389 Ve-

50 1395 276 1430 netorum
307 1386 484 1451 angulo
507 1426 521 1447 ‚
559 1393 638 1457 qui
665 1392 816 1443 finum
841 1404 1191 1454 circumcolunt
1224 1425 1329 1457 ma-

50 1448 146 1508 ris,
173 1449 316 1515 usque
347 1454 405 1500 ad
434 1453 588 1520 Alpes
628 1475 844 1514 tenuere.
893 1466 1082 1533 Alpinis
1129 1490 1326 1540 quoque

49 1532 104 1563 ea
130 1520 352 1583 gentibus
371 1521 498 1570 haud
519 1525 663 1577 dubie
681 1532 819 1598 origo
840 1533 929 1593 est,
957 1540 1167 1589 maxime
1183 1541 1328 1592 Rhae-

47 1585 107 1632 tis
132 1603 143 1632 ;
178 1603 298 1651 quos
321 1588 428 1637 loca
452 1591 549 1656 ipsa
570 1593 825 1649 efferarunt
844 1639 858 1662 ‚
889 1620 952 1652 ne
982 1606 1096 1671 quid
1118 1625 1175 1656 ex
1196 1612 1326 1660 anti-

47 1669 147 1717 quo
171 1690 185 1713 ‚
217 1671 388 1719 praeter
417 1657 587 1710 sonum
611 1665 784 1731 linguae
814 1707 828 1730 ,
875 1688 966 1721 nec
1009 1691 1120 1724 eum
1160 1678 1329 1729 incor-

45 1736 237 1786 ruptum
254 1760 268 1781 ,
294 1727 575 1778 retinerent.

116 1787 360 1840 XXXIV.
412 1791 494 1844 De
525 1798 718 1850 transitu
759 1802 808 1851 in
840 1803 1026 1857 Italiam
1059 1808 1314 1865 Gallorum
1365 1820 1526 1874 Transi-

45 1852 148 1904 haec
177 1861 466 1924 accepimus·
515 1863 675 1917 Prisco
717 1869 984 1940 Tarquinio
1033 1876 1207 1930 Rornae
1242 1901 1316 1933 re-
1332 1897 1391 1924 cus
1423 1882 1523 1953 Gaf-

48 1939 257 1990 gnante‚
285 1927 535 1980 Celtarum
558 1970 574 1995 ‚
602 1952 706 2001 quae
729 1957 835 2004 pars
870 1941 1041 1994 Galliae
1063 1951 1202 1999 tertia
1220 1951 1313 2014 est,
1331 1947 1453 2015 [ΜΨ
1481 1961 1522 1986 ¹¹²

45 2009 195 2057 penes
227 1993 464 2063 Bituriges
493 2000 676 2053 summa
698 2007 888 2074 imperii
918 2011 1020 2063 fuit.
1071 2015 1107 2064 Ii
1144 2035 1314 2087 regem
1332 2008 1520 2051 suham·

45 2058 240 2110 Celtico
273 2062 467 2114 dabant.
495 2068 783 2139 Ambigatus
812 2078 849 2125 is
872 2078 992 2142 fuit,
1020 2083 1196 2136 virtute
1216 2088 1317 2138 for-

45 2128 259 2196 tunssque
291 2149 441 2197 quum
465 2133 578 2198 sufi,
609 2154 710 2189 tum
742 2145 933 2210 public&
973 2155 1265 2218 praepollens
1298 2194 1316 2219 ,

44 2197 179 2262 quod
213 2199 419 2265 imperio
453 2202 555 2269 ejus
589 2206 748 2262 Gallia
780 2213 904 2264 adeo
936 2216 1127 2286 frugum
1159 2223 1320 2272 homi-

44 2281 256 2332 numque
294 2266 460 2319 fertilis
501 2271 590 2322 fuit
620 2313 651 2336 ‚.
683 2295 734 2329 ut
778 2282 1024 2335 abundans
1058 2291 1318 2342 multitudo

42 2334 126 2381 vix
162 2336 264 2403 regi
284 2337 529 2390 videretur
562 2343 710 2409 posse.
747 2349 840 2399 Hic
870 2369 1050 2422 magno
1080 2372 1191 2407 natu
1216 2360 1316 2426 ipse

44 2397 143 2466 jam
172 2440 187 2464 ‚
234 2420 500 2458 exonerare
546 2430 876 2482 praegravante
927 2423 1067 2472 turb&
1114 2442 1318 2493 regnum

43 2471 244 2537 cupiens
272 2510 287 2534 ,
335 2472 644 2531 Bellovesum
682 2502 736 2534 ac
770 2486 1053 2555 Sigovesum
1085 2531 1099 2554 ‚
1139 2495 1316 2546 sororis

107 2574 133 2612 7
153 2559 232 2603 li..
249 2567 503 2620 mergentes]
526 2565 650 2610 Tusci
712 2572 770 2614 nis
796 2575 835 2615 in
866 2591 1023 2635 quaque
1051 2583 1220 2639 regione
1244 2599 1316 2640 urq

45 2619 258 2664 incoluere
282 2635 409 2666 terras
434 2640 652 2684 vergentes
714 2635 845 2679 bibus·

46 2683 89 2723 in
114 2694 331 2742 utrumque
361 2702 470 2731 mare
497 2692 653 2734 duode-

944 2759 1050 2829 Zij
