1704 3073
306 113 347 171 6
609 109 1305 172 T1T1L1'vrr

308 206 497 242 rentem
525 209 690 260 agrum
718 192 914 243 tenuiffe
934 193 1127 258 :Troiae
1153 196 1203 244 &
1224 196 1332 244 huic
1363 193 1475 244 loco
1493 212 1588 245 no-

310 278 427 310 rnen
463 260 543 312 est.
572 260 643 310 Ibi
671 261 838 328 egreffi
861 260 1068 326 Troiani
1090 303 1102 323 ‚
1134 280 1184 312 ut
1209 264 1460 329 quibusab
1492 265 1589 311 im÷
1658 231 1695 284 3⁷⁴⁷

310 328 477 378 menso
512 346 668 397 prope
690 346 851 379 errore
878 330 994 378 nihil
1018 348 1189 396 praeter
1210 349 1341 381 arma
1371 332 1421 380 &
1441 346 1590 379 naves

311 395 602 462 superesset,
644 415 792 463 quum
825 398 1040 463 praedam
1079 417 1138 449 ex
1180 402 1303 466 agris
1355 413 1587 466 agerent,

312 463 509 513 Latinus
538 481 622 514 rex
652 464 1070 532 Aboriginesque,
1104 470 1184 533 qui
1215 484 1317 516 tum
1346 484 1403 515 ea
1443 482 1592 515 tene-

311 532 428 583 bant
448 533 555 581 loca
575 570 590 593 ‚
613 532 674 581 ad
694 533 950 582 arcendam
979 536 1078 582 vim
1098 536 1392 584 advenarum
1420 534 1593 582 armati

312 616 374 649 ex
399 601 516 650 urbe
536 614 678 666 atque
706 602 830 667 agris
849 618 1155 652 concurrunt.
1181 602 1382 669 Duplex
1413 601 1591 651 exinde

313 667 442 716 fama
472 666 554 717 est.
584 668 682 717 Alii
711 669 878 734 praelio
912 670 1090 719 viCium
1128 671 1349 719 Latinum
1372 708 1386 729 ‚
1417 686 1590 734 pacem

313 753 422 784 cum
445 736 601 784 AEnea
620 774 634 796 ‚
654 735 834 786 deinde
853 736 1129 789 affinitatem
1148 737 1346 802 junxisse
1370 737 1591 786 tradunt:

314 803 425 861 alii,
458 820 604 870 quum
637 803 867 853 instructae
895 808 1020 854 acies
1059 806 1369 855 constitissent
1392 842 1406 864 ‚
1448 803 1595 870 prius-

310 888 460 937 quam
496 871 625 938 signa
671 886 928 933 canerent,
969 873 1238 940 proceffiffe
1269 874 1488 922 Latinum
1519 874 1593 919 in-

314 953 388 990 ter
421 939 692 1005 primores,
728 940 995 1006 ducemque
1032 942 1324 991 advenarum
1370 938 1590 991 evocasse

316 1008 379 1057 ad
401 1008 726 1074 colloquium:
749 1008 1106 1074 percunciatum
1127 1010 1303 1059 deinde
1323 1047 1336 1068 ‚
1361 1009 1442 1074 qui
1460 1025 1595 1056 mor·

314 1074 433 1123 tales
464 1074 645 1136 essent,
677 1076 838 1136 unde,
874 1090 953 1124 aut
979 1095 1075 1142 quo
1111 1077 1215 1126 casu
1259 1076 1464 1144 profecti
1500 1075 1603 1124 do·

315 1160 401 1191 mo
426 1180 440 1202 ‚
472 1143 652 1209 quidve
689 1159 955 1209 quaerentes
998 1147 1048 1192 in
1082 1162 1248 1212 agrum
1301 1144 1592 1191 Laurentem
1653 1177 1657 1179 »

315 1209 516 1259 exiffent
539 1249 552 1269 ‚
577 1209 825 1277 postquam
847 1212 1047 1261 audierit
1073 1213 1433 1261 multitudinem
1457 1209 1596 1259 Tro·

318 1276 455 1342 janos
488 1278 613 1339 esse,
646 1279 821 1329 ducem
851 1280 1066 1338 AEnean,
1098 1279 1248 1328 filium
1286 1277 1506 1328 Anchisae
1543 1277 1597 1328 ὃ(

315 1345 561 1406 Veneris,
598 1348 807 1396 cremata
842 1349 994 1413 patria
1030 1348 1086 1396 Sc
1126 1348 1276 1397 domo
1313 1346 1548 1414 profugos
1577 1384 1592 1405 ,

314 1412 481 1463 sedem
522 1415 885 1480 condendaeque
918 1416 1021 1463 urbi
1054 1417 1212 1466 locum
1246 1432 1458 1481 quaerere
1494 1430 1508 1473 3
1541 1414 1596 1462 &

315 1481 622 1531 nobilitatem
654 1483 938 1531 admiratum
974 1485 1126 1551 gentis
1152 1486 1369 1548 virique,
1409 1483 1457 1532 ὃ(
1495 1484 1597 1529 ani-

317 1565 454 1598 mum
482 1550 710 1600 velbello
741 1551 820 1600 vel
840 1553 944 1617 paci
976 1567 1193 1618 paratum
1216 1589 1230 1610 ,
1264 1551 1461 1599 dextera
1487 1551 1599 1598 data

317 1615 470 1666 fidem
518 1617 709 1666 futurae·
741 1620 959 1667 amicitiae
1009 1618 1218 1668 sanxisse.
1268 1618 1386 1667 Inde
1437 1617 1597 1666 foedus

319 1683 467 1733 icium
497 1686 619 1736 inter
648 1687 795 1736 duces
817 1724 831 1746 ,
856 1689 981 1735 inter
1001 1690 1236 1736 exercitus
1264 1685 1598 1735 salutationem

320 1751 513 1801 factam.
547 1754 732 1803 AEnean
768 1755 893 1820 apud
933 1755 1150 1803 Latinum
1181 1753 1311 1803 fuiffe
1348 1757 1395 1802 in
1416 1752 1599 1818 Hospi-

324 1821 397 1869 tio
419 1837 433 1880 3
457 1821 522 1868 ibi
538 1820 904 1888 Latinumapud
924 1839 1124 1888 penates
1148 1822 1266 1871 deos
1283 1820 1600 1870 domesticum

325 1888 523 1955 publico
563 1889 820 1954 adjunxisse
859 1888 1051 1950 foedus,
1090 1890 1185 1939 filia
1217 1890 1382 1938 AEneae
1415 1891 1461 1937 in
1490 1906 1600 1937 ma-

325 1957 606 2006 trimonium
646 1958 771 2006 data.
805 1956 870 2005 Ea
908 1974 981 2007 res
1019 1960 1179 2024 utique
1206 1956 1433 2019 Troianis
1466 1955 1600 2021 spem

325 2021 529 2072 affirmat
565 2025 759 2073 tandem
793 2025 943 2073 stabili
985 2027 1209 2091 certaque
1253 2026 1361 2074 sede
1400 2023 1602 2072 finiendi

326 2093 512 2140 erroris.
544 2090 800 2158 Oppidum
832 2094 1061 2142 conciunt.
1094 2094 1267 2141 AEneas
1309 2093 1368 2141 ab
1402 2093 1602 2141 nomine

327 2159 489 2207 uxoris
516 2158 770 2208 Lavinium
803 2161 1030 2225 appellat.
1061 2161 1203 2209 Brevi
1236 2159 1369 2226 stirps
1405 2176 1602 2225 quoque

121 2226 314 2285 Ascanius
328 2227 476 2277 virilis
501 2244 559 2274 ex
590 2245 722 2275 novo
747 2230 1060 2287 matrimoni-o
1085 2227 1203 2290 fuit,
1236 2230 1308 2276 cui
1342 2226 1604 2277 Ascanium

125 2290 312 2347 nascitur.
331 2307 555 2361 parentes
591 2295 753 2343 dixere
783 2313 983 2345 nomen.

399 2360 461 2410 II.
490 2361 629 2410 Bello
663 2363 835 2411 deinde
878 2364 1168 2426 Aborigines
1200 2361 1500 2430 Troianique
1537 2360 1603 2410 fi-

327 2429 428 2478 mul
461 2431 615 2494 petiti.
649 2428 840 2478 Turnus
879 2449 958 2480 rex
992 2431 1282 2480 Rutulorum
1304 2469 1319 2491 ,
1360 2433 1432 2479 cui
1467 2429 1603 2496 paxsta

329 2493 530 2546 Lavinia
563 2512 671 2545 anre
709 2497 968 2546 adventum
1009 2500 1170 2549 AEneae
1205 2498 1391 2559 fuerat,
1432 2498 1604 2563 praela-

327 2577 432 2611 tum
466 2562 546 2612 fibi
590 2565 825 2613 advenam
857 2567 977 2633 aegre
1015 2569 1196 2630 patiens
1219 2603 1234 2626 ,
1266 2565 1398 2614 fimul
1439 2565 1603 2615 AEneae

329 2629 600 2700 Latinoque
634 2633 814 2686 bellum
850 2636 1088 2687 intulerat.
1120 2633 1304 2688 Neutra
1340 2635 1463 2686 acies
1493 2630 1614 2684 laetas
