1653 3078
476 104 520 162 L
565 128 588 164 ι
632 123 666 163 Β
713 125 746 166 Ε
789 128 829 167 R
923 117 964 172 1.
1255 142 1325 200 31

61 173 324 232 [Fidenates
350 201 542 252 quoque
562 187 740 237 Etrusci
760 190 980 261 fuerunt)
1004 197 1055 245 &
1086 201 1217 265 quod
1236 206 1333 270 ipsa

15 279 18 281 Δ
66 250 391 315 propinquitas
433 254 558 314 loci,
601 255 635 304 si
680 256 903 309 Romana
942 282 1071 313 arma
1108 274 1331 323 omnibus

63 314 230 364 infesta
250 316 460 368 finitimis
482 320 656 384 effent,
679 323 945 378 stimulabat
963 368 977 390 ,
1006 334 1054 380 in
1078 332 1196 384 fines
1224 337 1330 388 Ro-

54 379 230 432 manos
250 402 616 439 excucurrerunt
635 430 648 450 ‚
664 397 995 460 populabundi
1009 404 1158 469 magis
1183 406 1329 469 quam

57 447 166 514 justi
206 469 342 502 more
380 455 510 506 belli.
557 458 720 525 ltaque
760 482 857 511 non
904 467 1060 516 castris
1120 471 1279 536 positis
1313 512 1329 534 ‚

50 533 161 579 ⁸non
198 520 474 585 exspefiat'o
513 526 716 576 hostium
753 537 962 582 exercitu
988 572 1000 592 ,
1043 555 1228 603 raptam
1267 557 1329 591 ex

57 588 181 650 agris
221 589 432 652 praedam
474 609 753 658 portanteS,
784 599 936 649 Veios
976 604 1177 655 rediere.
1213 607 1327 655 Ro-

58 669 225 701 manus
256 658 452 718 contra,
485 660 735 728 postquam
769 666 953 713 hostem
991 674 1036 714 in
1069 676 1191 736 agris
1223 692 1328 725 non

56 720 267 781 invenit,
308 726 599 776 dimicationi
652 732 826 779 ultimae
876 733 1117 785 instruetus
1163 742 1330 790 inten-

58 787 222 851 tusque
250 789 469 840 Tiberim
498 796 658 846 transit
686 815 696 845 ε
728 817 871 863 quem
901 802 1151 869 postquam
1181 809 1328 859 castra

57 855 270 918 ponere,
294 860 344 907 &
369 861 429 908 ad
466 864 633 911 urbem
669 866 952 916 accessurum
971 871 1203 922 Veientes
1235 895 1328 925 au·-

59 920 228 972 divere
249 942 263 983 ;
283 928 479 976 obviam
504 930 670 996 egressi
696 971 710 992 ‚
753 951 801 984 ut
831 938 988 1001 potius
1021 945 1120 990 acie
1159 943 1329 993 decer-

57 1005 262 1052 nerent,
303 996 446 1059 quam
493 999 653 1047 inclusi
696 1001 756 1050 de
806 1004 937 1052 retiis
990 1011 1328 1077 moenibusque

58 1055 355 1110 dimicarent.
390 1061 459 1111 Ibi
494 1067 670 1114 viribus
707 1070 836 1117 nulla
867 1089 965 1121 arte
998 1075 1203 1138 adjutis,
1227 1096 1329 1129 tan-

56 1125 159 1172 tum
193 1132 406 1188 veterani
445 1134 620 1183 robore
654 1138 888 1186 exercitus
909 1177 923 1199 ‚
956 1159 1038 1189 rex
1077 1144 1328 1198 Romanus

56 1193 173 1240 vicit
201 1211 212 1241 ε
243 1196 642 1266 persequutusque
671 1204 793 1254 fusos
831 1208 890 1255 ad
913 1211 1088 1259 moenia
1123 1213 1281 1263 hostes
1308 1254 1327 1277 ‚

55 1259 175 1308 urbe
197 1265 356 1312 valida
379 1270 521 1315 muris
545 1287 600 1318 ac
623 1269 707 1320 situ
726 1273 827 1338 ipso
855 1278 1038 1324 munita
1069 1281 1291 1331 abstinuit
1312 1301 1328 1334 :

56 1344 196 1394 agros
236 1334 427 1380 rediens
460 1335 646 1398 vastat,
682 1341 939 1392 ulciscendi
986 1349 1137 1414 magis
1181 1351 1328 1416 quam

56 1395 231 1459 praedae
261 1397 433 1449 studio.
472 1401 636 1470 anue
662 1409 795 1459 clade
825 1410 951 1460 haud
990 1417 1144 1464 minus
1179 1419 1328 1484 quam

56 1462 261 1512 adversa
292 1468 453 1534 pugna
485 1469 653 1523 subaffl
692 1475 957 1540 Veiente5‚
979 1499 1151 1546 pacem
1195 1490 1359 1552 peti--

56 1543 162 1578 tum
184 1547 395 1584 oratores
423 1536 631 1588 Romam
664 1546 873 1595 mittunt.
902 1547 1019 1615 Agri
1046 1567 1179 1616 parte
1204 1556 1333 1604 mul-

59 1595 222 1658 &atis‚
265 1601 311 1649 in
348 1620 541 1655 centurn
577 1627 729 1660 annos
763 1614 966 1664 induciae
1009 1617 1147 1668 datae.
1209 1623 1331 1673 Haec

56 1662 208 1715 ferme
228 1666 439 1720 Romulo
457 1691 688 1740 regnante
710 1680 845 1730 domi
864 1684 1138 1754 militiaeque
1163 1688 1293 1755 gesta
1315 1709 1328 1741 :

59 1749 266 1796 quorum
298 1738 414 1786 nihil
454 1740 683 1792 absonum
720 1747 830 1798 fidei
869 1750 1043 1801 divinae
1082 1758 1279 1823 originis
1309 1797 1327 1820 ,

58 1799 408 1870 divinitatisque
452 1808 558 1873 post
599 1830 807 1864 mortem
846 1819 1036 1868 creditae
1072 1822 1196 1886 fuit3
1231 1844 1332 1876 non

60 1868 246 1916 animus
273 1873 320 1918 in
349 1889 498 1940 regno
532 1881 662 1928 avito
695 1888 1060 1949 recuperandO,
1091 1909 1191 1941 non
1214 1912 1332 1944 con-

58 1933 231 1984 dendae
266 1939 390 1988 urbis
416 1943 691 2008 consilium,
724 1969 823 2000 non
853 1952 982 2004 bello
1012 1975 1066 2005 ac
1101 1977 1220 2025 pace
1244 1961 1332 2011 fir-

59 2002 247 2052 mandae
280 2023 294 2064 ;
328 2021 348 2071 5
384 2008 442 2056 ab
469 2012 550 2059 illo
587 2019 715 2064 enim
745 2019 959 2084 profeftu
1001 2027 1179 2076 viribus
1209 2029 1330 2080 datis

57 2072 242 2118 tantum
272 2075 450 2136 valuit,
478 2093 528 2127 ut
551 2083 596 2129 in
624 2086 930 2154 quadraginta
964 2091 1140 2144 deinde
1174 2115 1328 2149 annos

54 2150 210 2185 tutam
241 2157 411 2204 pacem
444 2145 659 2200 haberet.
697 2152 1001 2207 Multitudini
1027 2175 1188 2213 tamen
1218 2184 1328 2232 gra-

59 2205 148 2252 tior
174 2204 261 2255 fuit
292 2210 434 2274 quam
467 2213 682 2268 Patribus
714 2237 726 2279 3
769 2223 915 2291 longe
945 2230 1052 2277 ante
1091 2232 1207 2281 alios
1238 2253 1329 2282 ac·-

58 2272 346 2336 ceptisfimus
369 2280 570 2331 militum
589 2289 781 2338 animis:
806 2297 1141 2365 trecentosque
1165 2300 1327 2351 arma-

26 2619 30 2621 ‘
53 2567 346 2619 proprietatem
369 2578 597 2620 attendere.
721 2585 845 2632 vires.

50 2655 58 2667 2
91 2659 101 2668 ,
120 2639 140 2678 5
157 2629 218 2670 Ab
240 2631 313 2674 illo
340 2635 438 2681 enim
449 2638 656 2698 profhffu]
