<?xml version="1.0" encoding="UTF-8"?>
<!DOCTYPE html PUBLIC "-//W3C//DTD XHTML 1.0 Transitional//EN"
    "http://www.w3.org/TR/xhtml1/DTD/xhtml1-transitional.dtd">
<html xmlns="http://www.w3.org/1999/xhtml" xml:lang="en" lang="en">
 <head>
  <title>
</title>
<meta http-equiv="Content-Type" content="text/html;charset=utf-8" />
  <meta name='ocr-system' content='tesseract 3.04.00' />
  <meta name='ocr-capabilities' content='ocr_page ocr_carea ocr_par ocr_line ocrx_word'/>
</head>
<body>
  <div class='ocr_page' id='page_1' title='image "./tliviipatavinihi0101livy_0546.png"; bbox 0 0 1652 3083; ppageno 0'>
   <div class='ocr_carea' id='block_1_1' title="bbox 102 75 1594 246">
    <p class='ocr_par' dir='ltr' id='par_1_1' title="bbox 102 75 1594 246">
     <span class='ocr_line' id='line_1_1' title="bbox 309 75 1579 153; baseline 0.029 -29"><span class='ocrx_word' id='word_1_1' title='bbox 309 82 420 145; x_wconf 85' lang='lat'><strong>502</strong></span> <span class='ocrx_word' id='word_1_2' title='bbox 587 75 642 135; x_wconf 91' lang='lat' dir='ltr'>T</span> <span class='ocrx_word' id='word_1_3' title='bbox 680 94 702 134; x_wconf 91' lang='lat'>1</span> <span class='ocrx_word' id='word_1_4' title='bbox 749 97 790 139; x_wconf 77' lang='grc' dir='ltr'>Τ</span> <span class='ocrx_word' id='word_1_5' title='bbox 835 99 857 140; x_wconf 86' lang='lat'>1</span> <span class='ocrx_word' id='word_1_6' title='bbox 939 85 992 147; x_wconf 93' lang='lat' dir='ltr'>L</span> <span class='ocrx_word' id='word_1_7' title='bbox 1035 107 1056 146; x_wconf 86' lang='lat'>1</span> <span class='ocrx_word' id='word_1_8' title='bbox 1105 107 1151 146; x_wconf 88' lang='lat' dir='ltr'>v</span> <span class='ocrx_word' id='word_1_9' title='bbox 1194 109 1216 150; x_wconf 85' lang='lat'>1</span> <span class='ocrx_word' id='word_1_10' title='bbox 1263 111 1287 153; x_wconf 83' lang='lat'>1</span> <span class='ocrx_word' id='word_1_11' title='bbox 1575 143 1579 145; x_wconf 13' lang='grc' dir='ltr'><strong>Α</strong></span> 
     </span>
     <span class='ocr_line' id='line_1_2' title="bbox 102 147 1594 246; baseline 0.029 -56"><span class='ocrx_word' id='word_1_12' title='bbox 102 147 459 210; x_wconf 79' lang='lat' dir='ltr'><strong>U.c,365,vestiti</strong></span> <span class='ocrx_word' id='word_1_13' title='bbox 478 155 644 206; x_wconf 81' lang='lat' dir='ltr'><strong>medio</strong></span> <span class='ocrx_word' id='word_1_14' title='bbox 668 159 839 212; x_wconf 87' lang='lat' dir='ltr'><strong>aedium</strong></span> <span class='ocrx_word' id='word_1_15' title='bbox 861 165 1083 220; x_wconf 79' lang='lat' dir='ltr'><strong>eburneis</strong></span> <span class='ocrx_word' id='word_1_16' title='bbox 1102 171 1225 223; x_wconf 82' lang='lat' dir='ltr'><strong>sellis</strong></span> <span class='ocrx_word' id='word_1_17' title='bbox 1246 174 1432 229; x_wconf 85' lang='lat' dir='ltr'><strong>sedere.</strong></span> <span class='ocrx_word' id='word_1_18' title='bbox 1459 179 1594 246; x_wconf 48' lang='lat' dir='ltr'><strong>Sunt]¹</strong></span> 
     </span>
    </p>
   </div>
   <div class='ocr_carea' id='block_1_2' title="bbox 101 210 1597 447">
    <p class='ocr_par' dir='ltr' id='par_1_2' title="bbox 101 210 1597 447">
     <span class='ocr_line' id='line_1_3' title="bbox 101 210 1595 313; baseline 0.034 -63"><span class='ocrx_word' id='word_1_19' title='bbox 101 210 380 282; x_wconf 80' lang='lat' dir='ltr'><strong>a,C.387·qui</strong></span> <span class='ocrx_word' id='word_1_20' title='bbox 404 255 420 279; x_wconf 93' lang='lat'><strong>‚</strong></span> <span class='ocrx_word' id='word_1_21' title='bbox 460 220 535 272; x_wconf 89' lang='lat' dir='ltr'><strong>M.</strong></span> <span class='ocrx_word' id='word_1_22' title='bbox 571 223 725 277; x_wconf 87' lang='lat' dir='ltr'><strong>Fabio</strong></span> <span class='ocrx_word' id='word_1_23' title='bbox 767 233 999 297; x_wconf 84' lang='lat' dir='ltr'><strong>pontifice</strong></span> <span class='ocrx_word' id='word_1_24' title='bbox 1033 243 1248 292; x_wconf 88' lang='lat' dir='ltr'><strong>maximo</strong></span> <span class='ocrx_word' id='word_1_25' title='bbox 1283 260 1304 309; x_wconf 78' lang='grc' dir='ltr'><strong>ς</strong></span> <span class='ocrx_word' id='word_1_26' title='bbox 1345 247 1595 313; x_wconf 61' lang='grc' dir='ltr'><strong>Ρτεεέειηῐεε</strong></span> 
     </span>
     <span class='ocr_line' id='line_1_4' title="bbox 298 292 1596 381; baseline 0.029 -50"><span class='ocrx_word' id='word_1_27' title='bbox 298 299 493 338; x_wconf 85' lang='lat' dir='ltr'><strong>carmen</strong></span> <span class='ocrx_word' id='word_1_28' title='bbox 515 327 530 350; x_wconf 85' lang='lat'><strong>‚</strong></span> <span class='ocrx_word' id='word_1_29' title='bbox 568 292 818 351; x_wconf 86' lang='lat' dir='ltr'><strong>devovisse</strong></span> <span class='ocrx_word' id='word_1_30' title='bbox 849 318 934 352; x_wconf 86' lang='lat' dir='ltr'><strong>eos</strong></span> <span class='ocrx_word' id='word_1_31' title='bbox 968 304 1018 353; x_wconf 90' lang='lat' dir='ltr'><strong>se</strong></span> <span class='ocrx_word' id='word_1_32' title='bbox 1059 324 1150 371; x_wconf 91' lang='lat' dir='ltr'><strong>pro</strong></span> <span class='ocrx_word' id='word_1_33' title='bbox 1184 314 1332 377; x_wconf 86' lang='lat' dir='ltr'><strong>patria</strong></span> <span class='ocrx_word' id='word_1_34' title='bbox 1362 313 1596 381; x_wconf 81' lang='lat' dir='ltr'><strong>Quiriti-&#39;</strong></span> 
     </span>
     <span class='ocr_line' id='line_1_5' title="bbox 295 350 1597 447; baseline 0.028 -47"><span class='ocrx_word' id='word_1_35' title='bbox 295 350 481 421; x_wconf 85' lang='lat' dir='ltr'><strong>busque</strong></span> <span class='ocrx_word' id='word_1_36' title='bbox 503 357 738 415; x_wconf 88' lang='lat' dir='ltr'><strong>Romanis</strong></span> <span class='ocrx_word' id='word_1_37' title='bbox 759 405 774 428; x_wconf 85' lang='lat'>‚</span> <span class='ocrx_word' id='word_1_38' title='bbox 798 372 1007 421; x_wconf 87' lang='lat' dir='ltr'><strong>tradant.</strong></span> <span class='ocrx_word' id='word_1_39' title='bbox 1028 370 1191 437; x_wconf 81' lang='lat' dir='ltr'><strong>Galli,</strong></span> <span class='ocrx_word' id='word_1_40' title='bbox 1221 378 1272 428; x_wconf 88' lang='lat'>&amp;</span> <span class='ocrx_word' id='word_1_41' title='bbox 1292 387 1402 447; x_wconf 88' lang='lat' dir='ltr'><strong>quia</strong></span> <span class='ocrx_word' id='word_1_42' title='bbox 1427 385 1597 444; x_wconf 65' lang='lat' dir='ltr'><strong>inter-v</strong></span> 
     </span>
    </p>
   </div>
   <div class='ocr_carea' id='block_1_3' title="bbox 297 420 1578 512">
    <p class='ocr_par' dir='ltr' id='par_1_3' title="bbox 297 420 1578 512">
     <span class='ocr_line' id='line_1_6' title="bbox 297 420 1578 512; baseline 0.028 -44"><span class='ocrx_word' id='word_1_43' title='bbox 297 420 451 485; x_wconf 64' lang='lat' dir='ltr'><strong>pofitz‘i</strong></span> <span class='ocrx_word' id='word_1_44' title='bbox 488 429 629 480; x_wconf 63' lang='lat' dir='ltr'><strong>nocie</strong></span> <span class='ocrx_word' id='word_1_45' title='bbox 666 450 691 481; x_wconf 91' lang='lat' dir='ltr'><strong>a</strong></span> <span class='ocrx_word' id='word_1_46' title='bbox 731 440 1046 490; x_wconf 80' lang='lat' dir='ltr'>contentione</span> <span class='ocrx_word' id='word_1_47' title='bbox 1084 461 1260 512; x_wconf 85' lang='lat' dir='ltr'><strong>pugnae</strong></span> <span class='ocrx_word' id='word_1_48' title='bbox 1294 452 1578 505; x_wconf 76' lang='lat' dir='ltr'>remiserant</span> 
     </span>
    </p>
   </div>
   <div class='ocr_carea' id='block_1_4' title="bbox 295 491 1647 649">
    <p class='ocr_par' dir='ltr' id='par_1_4' title="bbox 295 491 1647 649">
     <span class='ocr_line' id='line_1_7' title="bbox 296 491 1647 587; baseline 0.028 -52"><span class='ocrx_word' id='word_1_49' title='bbox 296 491 518 555; x_wconf 89' lang='lat' dir='ltr'><strong>animos,</strong></span> <span class='ocrx_word' id='word_1_50' title='bbox 557 497 610 546; x_wconf 69' lang='grc' dir='ltr'><strong>ὃς</strong></span> <span class='ocrx_word' id='word_1_51' title='bbox 642 502 774 565; x_wconf 77' lang='lat' dir='ltr'><strong>quod</strong></span> <span class='ocrx_word' id='word_1_52' title='bbox 805 521 896 554; x_wconf 88' lang='lat' dir='ltr'><strong>nec</strong></span> <span class='ocrx_word' id='word_1_53' title='bbox 924 509 974 556; x_wconf 93' lang='lat' dir='ltr'><strong>in</strong></span> <span class='ocrx_word' id='word_1_54' title='bbox 1002 526 1105 560; x_wconf 75' lang='lat' dir='ltr'><strong>acze</strong></span> <span class='ocrx_word' id='word_1_55' title='bbox 1139 517 1339 582; x_wconf 88' lang='lat' dir='ltr'><strong>ancipiti</strong></span> <span class='ocrx_word' id='word_1_56' title='bbox 1375 522 1574 587; x_wconf 71' lang='lat' dir='ltr'><strong>usquam</strong></span> <span class='ocrx_word' id='word_1_57' title='bbox 1600 531 1605 538; x_wconf 83' lang='grc'><em>“</em></span> <span class='ocrx_word' id='word_1_58' title='bbox 1646 566 1647 571; x_wconf 70' lang='grc'>,</span> 
     </span>
     <span class='ocr_line' id='line_1_8' title="bbox 295 570 1603 649; baseline 0.028 -45"><span class='ocrx_word' id='word_1_59' title='bbox 295 571 599 614; x_wconf 85' lang='lat' dir='ltr'><strong>certaverant</strong></span> <span class='ocrx_word' id='word_1_60' title='bbox 643 570 808 632; x_wconf 82' lang='lat' dir='ltr'><strong>praelio</strong></span> <span class='ocrx_word' id='word_1_61' title='bbox 849 610 863 632; x_wconf 90' lang='lat'>‚</span> <span class='ocrx_word' id='word_1_62' title='bbox 917 593 1010 626; x_wconf 86' lang='lat' dir='ltr'><strong>nec</strong></span> <span class='ocrx_word' id='word_1_63' title='bbox 1041 593 1143 628; x_wconf 90' lang='lat' dir='ltr'><strong>tum</strong></span> <span class='ocrx_word' id='word_1_64' title='bbox 1178 583 1363 649; x_wconf 90' lang='lat' dir='ltr'><strong>impetu</strong></span> <span class='ocrx_word' id='word_1_65' title='bbox 1400 602 1483 637; x_wconf 88' lang='lat' dir='ltr'><strong>aut</strong></span> <span class='ocrx_word' id='word_1_66' title='bbox 1521 590 1603 640; x_wconf 84' lang='lat' dir='ltr'><strong>vi·</strong></span> 
     </span>
    </p>
   </div>
   <div class='ocr_carea' id='block_1_5' title="bbox 291 628 1574 707">
    <p class='ocr_par' dir='ltr' id='par_1_5' title="bbox 291 628 1574 707">
     <span class='ocr_line' id='line_1_9' title="bbox 291 628 1574 707; baseline 0.027 -34"><span class='ocrx_word' id='word_1_67' title='bbox 291 628 551 692; x_wconf 86' lang='lat' dir='ltr'>capiebant</span> <span class='ocrx_word' id='word_1_68' title='bbox 593 636 766 684; x_wconf 88' lang='lat' dir='ltr'><strong>urbem</strong></span> <span class='ocrx_word' id='word_1_69' title='bbox 795 676 810 699; x_wconf 89' lang='lat'><strong>‚</strong></span> <span class='ocrx_word' id='word_1_70' title='bbox 847 640 946 693; x_wconf 87' lang='lat' dir='ltr'><strong>fine</strong></span> <span class='ocrx_word' id='word_1_71' title='bbox 985 646 1087 707; x_wconf 89' lang='lat' dir='ltr'><strong>ira,</strong></span> <span class='ocrx_word' id='word_1_72' title='bbox 1121 647 1220 701; x_wconf 84' lang='lat' dir='ltr'><strong>fine</strong></span> <span class='ocrx_word' id='word_1_73' title='bbox 1257 653 1432 704; x_wconf 86' lang='lat' dir='ltr'><strong>ardore</strong></span> <span class='ocrx_word' id='word_1_74' title='bbox 1467 659 1574 705; x_wconf 86' lang='lat' dir='ltr'><strong>ani-</strong></span> 
     </span>
    </p>
   </div>
   <div class='ocr_carea' id='block_1_6' title="bbox 283 702 1604 845">
    <p class='ocr_par' dir='ltr' id='par_1_6' title="bbox 283 702 1604 845">
     <span class='ocr_line' id='line_1_10' title="bbox 286 702 1604 783; baseline 0.027 -43"><span class='ocrx_word' id='word_1_75' title='bbox 286 705 483 746; x_wconf 85' lang='lat' dir='ltr'><strong>morum</strong></span> <span class='ocrx_word' id='word_1_76' title='bbox 531 702 724 768; x_wconf 86' lang='lat' dir='ltr'><strong>mgreffi</strong></span> <span class='ocrx_word' id='word_1_77' title='bbox 762 707 961 773; x_wconf 88' lang='lat' dir='ltr'><strong>postero</strong></span> <span class='ocrx_word' id='word_1_78' title='bbox 1011 713 1091 765; x_wconf 81' lang='lat' dir='ltr'><strong>die</strong></span> <span class='ocrx_word' id='word_1_79' title='bbox 1134 733 1330 783; x_wconf 89' lang='lat' dir='ltr'><strong>patente</strong></span> <span class='ocrx_word' id='word_1_80' title='bbox 1374 721 1604 776; x_wconf 52' lang='lat' dir='ltr'><strong>Collina</strong></span> 
     </span>
     <span class='ocr_line' id='line_1_11' title="bbox 283 762 1603 845; baseline 0.027 -37"><span class='ocrx_word' id='word_1_81' title='bbox 283 762 430 827; x_wconf 65' lang='lat' dir='ltr'><strong>porta</strong></span> <span class='ocrx_word' id='word_1_82' title='bbox 462 803 478 826; x_wconf 88' lang='lat'><strong>‚</strong></span> <span class='ocrx_word' id='word_1_83' title='bbox 508 767 558 815; x_wconf 88' lang='lat' dir='ltr'><strong>in</strong></span> <span class='ocrx_word' id='word_1_84' title='bbox 593 769 753 820; x_wconf 88' lang='lat' dir='ltr'><strong>forum</strong></span> <span class='ocrx_word' id='word_1_85' title='bbox 789 781 1081 843; x_wconf 83' lang='lat' dir='ltr'><strong>perveniunt</strong></span> <span class='ocrx_word' id='word_1_86' title='bbox 1110 821 1126 845; x_wconf 93' lang='lat'><strong>‚</strong></span> <span class='ocrx_word' id='word_1_87' title='bbox 1169 786 1568 843; x_wconf 84' lang='lat' dir='ltr'><strong>circumferentes</strong></span> <span class='ocrx_word' id='word_1_88' title='bbox 1597 828 1603 833; x_wconf 70' lang='lat'><em>›</em></span> 
     </span>
    </p>
   </div>
   <div class='ocr_carea' id='block_1_7' title="bbox 141 830 1616 979">
    <p class='ocr_par' dir='ltr' id='par_1_7' title="bbox 141 830 1616 979">
     <span class='ocr_line' id='line_1_12' title="bbox 141 830 1612 924; baseline 0.03 -54"><span class='ocrx_word' id='word_1_89' title='bbox 141 885 145 889; x_wconf 25' lang='lat'><em>·</em></span> <span class='ocrx_word' id='word_1_90' title='bbox 283 830 458 880; x_wconf 86' lang='lat' dir='ltr'><strong>oculos</strong></span> <span class='ocrx_word' id='word_1_91' title='bbox 507 835 569 883; x_wconf 89' lang='lat' dir='ltr'><strong>ad</strong></span> <span class='ocrx_word' id='word_1_92' title='bbox 615 842 800 907; x_wconf 84' lang='lat' dir='ltr'><strong>templa</strong></span> <span class='ocrx_word' id='word_1_93' title='bbox 848 845 995 899; x_wconf 80' lang='lat' dir='ltr'><strong>defim</strong></span> <span class='ocrx_word' id='word_1_94' title='bbox 1031 887 1047 911; x_wconf 92' lang='lat'>‚</span> <span class='ocrx_word' id='word_1_95' title='bbox 1103 869 1364 924; x_wconf 84' lang='lat' dir='ltr'><strong>arcemque</strong></span> <span class='ocrx_word' id='word_1_96' title='bbox 1415 860 1568 912; x_wconf 87' lang='lat' dir='ltr'><strong>solam</strong></span> <span class='ocrx_word' id='word_1_97' title='bbox 1604 881 1612 919; x_wconf 81' lang='lat' dir='ltr'><strong>j.</strong></span> 
     </span>
     <span class='ocr_line' id='line_1_13' title="bbox 144 887 1616 979; baseline 0.031 -42"><span class='ocrx_word' id='word_1_98' title='bbox 144 887 263 934; x_wconf 82' lang='lat' dir='ltr'><strong>Galli</strong></span> <span class='ocrx_word' id='word_1_99' title='bbox 287 894 401 946; x_wconf 81' lang='lat' dir='ltr'><strong>belli</strong></span> <span class='ocrx_word' id='word_1_100' title='bbox 449 899 662 967; x_wconf 86' lang='lat' dir='ltr'><strong>speciem</strong></span> <span class='ocrx_word' id='word_1_101' title='bbox 713 925 979 969; x_wconf 88' lang='lat' dir='ltr'><strong>tenentem.</strong></span> <span class='ocrx_word' id='word_1_102' title='bbox 1035 918 1155 971; x_wconf 88' lang='lat' dir='ltr'><strong>Inde</strong></span> <span class='ocrx_word' id='word_1_103' title='bbox 1207 927 1409 977; x_wconf 87' lang='lat' dir='ltr'><strong>modico</strong></span> <span class='ocrx_word' id='word_1_104' title='bbox 1453 930 1570 979; x_wconf 84' lang='lat' dir='ltr'><strong>reli·</strong></span> <span class='ocrx_word' id='word_1_105' title='bbox 1609 964 1616 977; x_wconf 56' lang='grc' dir='ltr'><em>ι</em></span> 
     </span>
    </p>
   </div>
   <div class='ocr_carea' id='block_1_8' title="bbox 334 969 1618 1054">
    <p class='ocr_par' dir='ltr' id='par_1_8' title="bbox 334 969 1618 1054">
     <span class='ocr_line' id='line_1_14' title="bbox 334 969 1618 1054; baseline 0.03 -41"><span class='ocrx_word' id='word_1_106' title='bbox 334 983 365 1014; x_wconf 92' lang='lat' dir='ltr'><strong>o</strong></span> <span class='ocrx_word' id='word_1_107' title='bbox 390 969 643 1035; x_wconf 83' lang='lat' dir='ltr'><strong>praefidio,</strong></span> <span class='ocrx_word' id='word_1_108' title='bbox 673 994 735 1027; x_wconf 90' lang='lat' dir='ltr'><strong>ne</strong></span> <span class='ocrx_word' id='word_1_109' title='bbox 764 982 870 1047; x_wconf 87' lang='lat' dir='ltr'><strong>quis</strong></span> <span class='ocrx_word' id='word_1_110' title='bbox 901 986 950 1033; x_wconf 89' lang='lat' dir='ltr'><strong>in</strong></span> <span class='ocrx_word' id='word_1_111' title='bbox 985 985 1233 1054; x_wconf 85' lang='lat' dir='ltr'><strong>diffipatos</strong></span> <span class='ocrx_word' id='word_1_112' title='bbox 1264 1011 1325 1043; x_wconf 84' lang='lat' dir='ltr'><strong>ex</strong></span> <span class='ocrx_word' id='word_1_113' title='bbox 1352 1013 1460 1047; x_wconf 89' lang='lat' dir='ltr'><strong>arce</strong></span> <span class='ocrx_word' id='word_1_114' title='bbox 1487 1006 1569 1049; x_wconf 85' lang='lat' dir='ltr'><strong>aut</strong></span> <span class='ocrx_word' id='word_1_115' title='bbox 1605 994 1618 1018; x_wconf 39' lang='grc' dir='ltr'>ᾇ</span> 
     </span>
    </p>
   </div>
   <div class='ocr_carea' id='block_1_9' title="bbox 79 951 329 1012">
    <p class='ocr_par' dir='ltr' id='par_1_9' title="bbox 79 951 329 1012">
     <span class='ocr_line' id='line_1_15' title="bbox 79 951 329 1012; baseline 0.012 -18"><span class='ocrx_word' id='word_1_116' title='bbox 79 951 274 1008; x_wconf 73' lang='lat' dir='ltr'><strong>diripiunt</strong></span> <span class='ocrx_word' id='word_1_117' title='bbox 288 962 329 1012; x_wconf 63' lang='lat' dir='ltr'>st</span> 
     </span>
    </p>
   </div>
   <div class='ocr_carea' id='block_1_10' title="bbox 79 1014 1565 1130">
    <p class='ocr_par' dir='ltr' id='par_1_10' title="bbox 79 1014 1565 1130">
     <span class='ocr_line' id='line_1_16' title="bbox 79 1014 1565 1130; baseline 0.039 -60"><span class='ocrx_word' id='word_1_118' title='bbox 79 1014 226 1060; x_wconf 77' lang='lat' dir='ltr'><strong>urbem.</strong></span> <span class='ocrx_word' id='word_1_119' title='bbox 285 1029 537 1101; x_wconf 84' lang='lat' dir='ltr'><strong>Capitolio</strong></span> <span class='ocrx_word' id='word_1_120' title='bbox 574 1043 786 1109; x_wconf 88' lang='lat' dir='ltr'><strong>impetus</strong></span> <span class='ocrx_word' id='word_1_121' title='bbox 824 1048 997 1113; x_wconf 82' lang='lat' dir='ltr'><strong>fieret,</strong></span> <span class='ocrx_word' id='word_1_122' title='bbox 1034 1056 1199 1124; x_wconf 71' lang='lat' dir='ltr'><strong>dilapsi</strong></span> <span class='ocrx_word' id='word_1_123' title='bbox 1224 1062 1285 1111; x_wconf 86' lang='lat' dir='ltr'><strong>ad</strong></span> <span class='ocrx_word' id='word_1_124' title='bbox 1312 1065 1525 1130; x_wconf 85' lang='lat' dir='ltr'><strong>praedam</strong></span> <span class='ocrx_word' id='word_1_125' title='bbox 1547 1104 1565 1129; x_wconf 75' lang='lat'><em>9</em></span> 
     </span>
    </p>
   </div>
   <div class='ocr_carea' id='block_1_11' title="bbox 275 1105 1564 1198">
    <p class='ocr_par' dir='ltr' id='par_1_11' title="bbox 275 1105 1564 1198">
     <span class='ocr_line' id='line_1_17' title="bbox 275 1105 1564 1198; baseline 0.029 -49"><span class='ocrx_word' id='word_1_126' title='bbox 275 1105 440 1153; x_wconf 84' lang='lat' dir='ltr'><strong>vacuis</strong></span> <span class='ocrx_word' id='word_1_127' title='bbox 464 1109 663 1160; x_wconf 89' lang='lat' dir='ltr'><strong>occursu</strong></span> <span class='ocrx_word' id='word_1_128' title='bbox 689 1112 945 1168; x_wconf 78' lang='lat' dir='ltr'><strong>hominum</strong></span> <span class='ocrx_word' id='word_1_129' title='bbox 966 1124 1057 1172; x_wconf 87' lang='lat' dir='ltr'><strong>viis</strong></span> <span class='ocrx_word' id='word_1_130' title='bbox 1077 1163 1095 1184; x_wconf 94' lang='lat'>,</span> <span class='ocrx_word' id='word_1_131' title='bbox 1127 1144 1236 1192; x_wconf 82' lang='lat' dir='ltr'><strong>pars</strong></span> <span class='ocrx_word' id='word_1_132' title='bbox 1262 1132 1310 1180; x_wconf 89' lang='lat' dir='ltr'><strong>in</strong></span> <span class='ocrx_word' id='word_1_133' title='bbox 1341 1136 1564 1198; x_wconf 80' lang='lat' dir='ltr'><strong>proxima</strong></span> 
     </span>
    </p>
   </div>
   <div class='ocr_carea' id='block_1_12' title="bbox 270 1176 1631 1540">
    <p class='ocr_par' dir='ltr' id='par_1_12' title="bbox 271 1176 1612 1401">
     <span class='ocr_line' id='line_1_18' title="bbox 272 1176 1612 1264; baseline 0.029 -47"><span class='ocrx_word' id='word_1_134' title='bbox 272 1185 477 1240; x_wconf 87' lang='lat' dir='ltr'><strong>quaeque</strong></span> <span class='ocrx_word' id='word_1_135' title='bbox 515 1176 754 1229; x_wconf 62' lang='lat' dir='ltr'><strong>tectorum</strong></span> <span class='ocrx_word' id='word_1_136' title='bbox 788 1191 982 1252; x_wconf 85' lang='lat' dir='ltr'><strong>agmine</strong></span> <span class='ocrx_word' id='word_1_137' title='bbox 1015 1208 1154 1243; x_wconf 90' lang='lat' dir='ltr'><strong>ruunt</strong></span> <span class='ocrx_word' id='word_1_138' title='bbox 1181 1214 1191 1243; x_wconf 92' lang='lat'>:</span> <span class='ocrx_word' id='word_1_139' title='bbox 1227 1216 1336 1263; x_wconf 85' lang='lat' dir='ltr'><strong>pars</strong></span> <span class='ocrx_word' id='word_1_140' title='bbox 1358 1202 1560 1264; x_wconf 85' lang='lat' dir='ltr'><strong>ultima,</strong></span> <span class='ocrx_word' id='word_1_141' title='bbox 1608 1235 1612 1250; x_wconf 85' lang='lat'><strong>·</strong></span> 
     </span>
     <span class='ocr_line' id='line_1_19' title="bbox 273 1240 1612 1342; baseline 0.028 -55"><span class='ocrx_word' id='word_1_142' title='bbox 273 1240 412 1290; x_wconf 86' lang='lat' dir='ltr'><strong>velut</strong></span> <span class='ocrx_word' id='word_1_143' title='bbox 455 1259 514 1292; x_wconf 86' lang='lat' dir='ltr'><strong>ea</strong></span> <span class='ocrx_word' id='word_1_144' title='bbox 552 1245 749 1297; x_wconf 89' lang='lat' dir='ltr'><strong>demum</strong></span> <span class='ocrx_word' id='word_1_145' title='bbox 794 1254 971 1306; x_wconf 65' lang='lat' dir='ltr'><strong>intac‘ia</strong></span> <span class='ocrx_word' id='word_1_146' title='bbox 1017 1258 1070 1308; x_wconf 88' lang='lat'>&amp;</span> <span class='ocrx_word' id='word_1_147' title='bbox 1118 1262 1297 1316; x_wconf 89' lang='lat' dir='ltr'><strong>referta</strong></span> <span class='ocrx_word' id='word_1_148' title='bbox 1343 1271 1508 1334; x_wconf 62' lang='lat' dir='ltr'><strong>praeda</strong></span> <span class='ocrx_word' id='word_1_149' title='bbox 1542 1310 1558 1334; x_wconf 91' lang='lat'><strong>,</strong></span> <span class='ocrx_word' id='word_1_150' title='bbox 1604 1302 1612 1342; x_wconf 61' lang='lat'>3</span> 
     </span>
     <span class='ocr_line' id='line_1_20' title="bbox 271 1313 1558 1401; baseline 0.028 -47"><span class='ocrx_word' id='word_1_151' title='bbox 271 1323 484 1372; x_wconf 84' lang='lat' dir='ltr'><strong>petunt3</strong></span> <span class='ocrx_word' id='word_1_152' title='bbox 516 1313 630 1364; x_wconf 90' lang='lat' dir='ltr'><strong>inde</strong></span> <span class='ocrx_word' id='word_1_153' title='bbox 665 1317 819 1369; x_wconf 88' lang='lat' dir='ltr'><strong>rursus</strong></span> <span class='ocrx_word' id='word_1_154' title='bbox 851 1321 957 1389; x_wconf 67' lang='lat' dir='ltr'><strong>ipsa</strong></span> <span class='ocrx_word' id='word_1_155' title='bbox 995 1326 1249 1382; x_wconf 86' lang='lat' dir='ltr'><strong>solitudine</strong></span> <span class='ocrx_word' id='word_1_156' title='bbox 1286 1335 1558 1401; x_wconf 76' lang='lat' dir='ltr'><strong>absterriti,</strong></span> 
     </span>
    </p>

    <p class='ocr_par' dir='ltr' id='par_1_13' title="bbox 270 1377 1631 1540">
     <span class='ocr_line' id='line_1_21' title="bbox 270 1377 1622 1470; baseline 0.028 -48"><span class='ocrx_word' id='word_1_157' title='bbox 270 1391 334 1425; x_wconf 92' lang='lat' dir='ltr'><strong>ne</strong></span> <span class='ocrx_word' id='word_1_158' title='bbox 356 1394 447 1443; x_wconf 86' lang='lat' dir='ltr'><strong>qua</strong></span> <span class='ocrx_word' id='word_1_159' title='bbox 467 1377 601 1432; x_wconf 74' lang='lat' dir='ltr'><strong>fraus</strong></span> <span class='ocrx_word' id='word_1_160' title='bbox 621 1383 804 1436; x_wconf 87' lang='lat' dir='ltr'><strong>hostilis</strong></span> <span class='ocrx_word' id='word_1_161' title='bbox 831 1408 986 1459; x_wconf 86' lang='lat' dir='ltr'><strong>vagos</strong></span> <span class='ocrx_word' id='word_1_162' title='bbox 1016 1400 1292 1464; x_wconf 86' lang='lat' dir='ltr'><strong>exciperet,</strong></span> <span class='ocrx_word' id='word_1_163' title='bbox 1315 1405 1363 1452; x_wconf 91' lang='lat' dir='ltr'><strong>in</strong></span> <span class='ocrx_word' id='word_1_164' title='bbox 1391 1406 1553 1458; x_wconf 89' lang='lat' dir='ltr'><strong>forum</strong></span> <span class='ocrx_word' id='word_1_165' title='bbox 1615 1447 1622 1470; x_wconf 37' lang='lat'>2</span> 
     </span>
     <span class='ocr_line' id='line_1_22' title="bbox 270 1448 1631 1540; baseline 0.029 -50"><span class='ocrx_word' id='word_1_166' title='bbox 270 1459 329 1491; x_wconf 85' lang='lat' dir='ltr'><strong>ac</strong></span> <span class='ocrx_word' id='word_1_167' title='bbox 359 1448 627 1516; x_wconf 85' lang='lat' dir='ltr'><strong>propinqua</strong></span> <span class='ocrx_word' id='word_1_168' title='bbox 659 1451 770 1504; x_wconf 87' lang='lat' dir='ltr'><strong>foro</strong></span> <span class='ocrx_word' id='word_1_169' title='bbox 817 1456 926 1510; x_wconf 88' lang='lat' dir='ltr'><strong>loca</strong></span> <span class='ocrx_word' id='word_1_170' title='bbox 974 1466 1258 1533; x_wconf 88' lang='lat' dir='ltr'><strong>conglobati</strong></span> <span class='ocrx_word' id='word_1_171' title='bbox 1295 1472 1551 1526; x_wconf 87' lang='lat' dir='ltr'><strong>redibant:</strong></span> <span class='ocrx_word' id='word_1_172' title='bbox 1619 1521 1631 1540; x_wconf 80' lang='grc'><strong>,</strong></span> 
     </span>
    </p>
   </div>
   <div class='ocr_carea' id='block_1_13' title="bbox 268 1510 1552 1604">
    <p class='ocr_par' dir='ltr' id='par_1_14' title="bbox 268 1510 1552 1604">
     <span class='ocr_line' id='line_1_23' title="bbox 268 1510 1552 1604; baseline 0.029 -46"><span class='ocrx_word' id='word_1_173' title='bbox 268 1510 354 1560; x_wconf 90' lang='lat' dir='ltr'><strong>ubi</strong></span> <span class='ocrx_word' id='word_1_174' title='bbox 374 1529 461 1563; x_wconf 88' lang='lat' dir='ltr'><strong>eos</strong></span> <span class='ocrx_word' id='word_1_175' title='bbox 483 1552 499 1576; x_wconf 89' lang='lat'>‚</span> <span class='ocrx_word' id='word_1_176' title='bbox 534 1519 692 1584; x_wconf 84' lang='lat' dir='ltr'><strong>plebis</strong></span> <span class='ocrx_word' id='word_1_177' title='bbox 715 1523 931 1576; x_wconf 76' lang='lat' dir='ltr'><strong>aedificiis</strong></span> <span class='ocrx_word' id='word_1_178' title='bbox 965 1531 1196 1584; x_wconf 87' lang='lat' dir='ltr'><strong>obseratis</strong></span> <span class='ocrx_word' id='word_1_179' title='bbox 1223 1575 1238 1598; x_wconf 95' lang='lat'><strong>,</strong></span> <span class='ocrx_word' id='word_1_180' title='bbox 1273 1543 1552 1604; x_wconf 82' lang='lat' dir='ltr'><strong>patentibus</strong></span> 
     </span>
    </p>
   </div>
   <div class='ocr_carea' id='block_1_14' title="bbox 267 1580 1631 1672">
    <p class='ocr_par' dir='ltr' id='par_1_15' title="bbox 267 1580 1631 1672">
     <span class='ocr_line' id='line_1_24' title="bbox 267 1580 1631 1672; baseline 0.029 -46"><span class='ocrx_word' id='word_1_181' title='bbox 267 1580 397 1630; x_wconf 87' lang='lat' dir='ltr'><strong>atriis</strong></span> <span class='ocrx_word' id='word_1_182' title='bbox 428 1585 732 1653; x_wconf 85' lang='lat' dir='ltr'><strong>principum,</strong></span> <span class='ocrx_word' id='word_1_183' title='bbox 764 1592 923 1659; x_wconf 82' lang='lat' dir='ltr'><strong>major</strong></span> <span class='ocrx_word' id='word_1_184' title='bbox 956 1615 1113 1666; x_wconf 89' lang='lat' dir='ltr'><strong>prope</strong></span> <span class='ocrx_word' id='word_1_185' title='bbox 1139 1605 1380 1659; x_wconf 64' lang='lat' dir='ltr'><strong>cunflatio</strong></span> <span class='ocrx_word' id='word_1_186' title='bbox 1403 1625 1552 1663; x_wconf 87' lang='lat' dir='ltr'><strong>tene·</strong></span> <span class='ocrx_word' id='word_1_187' title='bbox 1604 1626 1631 1672; x_wconf 72' lang='grc'><strong>·;,</strong></span> 
     </span>
    </p>
   </div>
   <div class='ocr_carea' id='block_1_15' title="bbox 262 1644 1549 1879">
    <p class='ocr_par' dir='ltr' id='par_1_16' title="bbox 262 1644 1549 1879">
     <span class='ocr_line' id='line_1_25' title="bbox 264 1644 1549 1731; baseline 0.03 -37"><span class='ocrx_word' id='word_1_188' title='bbox 264 1644 350 1696; x_wconf 84' lang='lat' dir='ltr'><strong>bat</strong></span> <span class='ocrx_word' id='word_1_189' title='bbox 383 1667 549 1716; x_wconf 86' lang='lat' dir='ltr'><strong>aperta</strong></span> <span class='ocrx_word' id='word_1_190' title='bbox 574 1655 720 1722; x_wconf 64' lang='lat' dir='ltr'><strong>quam</strong></span> <span class='ocrx_word' id='word_1_191' title='bbox 748 1659 901 1712; x_wconf 85' lang='lat' dir='ltr'><strong>clausa</strong></span> <span class='ocrx_word' id='word_1_192' title='bbox 929 1665 1222 1721; x_wconf 87' lang='lat' dir='ltr'><strong>invadendi:</strong></span> <span class='ocrx_word' id='word_1_193' title='bbox 1260 1677 1387 1728; x_wconf 85' lang='lat' dir='ltr'><strong>adeo</strong></span> <span class='ocrx_word' id='word_1_194' title='bbox 1419 1679 1549 1731; x_wconf 82' lang='lat' dir='ltr'><strong>haud</strong></span> 
     </span>
     <span class='ocr_line' id='line_1_26' title="bbox 263 1712 1547 1799; baseline 0.03 -37"><span class='ocrx_word' id='word_1_195' title='bbox 263 1712 399 1766; x_wconf 90' lang='lat' dir='ltr'><strong>secus</strong></span> <span class='ocrx_word' id='word_1_196' title='bbox 427 1719 574 1785; x_wconf 65' lang='lat' dir='ltr'><strong>quam</strong></span> <span class='ocrx_word' id='word_1_197' title='bbox 603 1729 939 1781; x_wconf 86' lang='lat' dir='ltr'><strong>venerabundi</strong></span> <span class='ocrx_word' id='word_1_198' title='bbox 970 1735 1280 1792; x_wconf 84' lang='lat' dir='ltr'><strong>intuebantur</strong></span> <span class='ocrx_word' id='word_1_199' title='bbox 1301 1746 1351 1794; x_wconf 90' lang='lat' dir='ltr'><strong>in</strong></span> <span class='ocrx_word' id='word_1_200' title='bbox 1371 1748 1547 1799; x_wconf 83' lang='lat' dir='ltr'><strong>aedium</strong></span> 
     </span>
     <span class='ocr_line' id='line_1_27' title="bbox 262 1782 1547 1879; baseline 0.029 -49"><span class='ocrx_word' id='word_1_201' title='bbox 262 1782 509 1837; x_wconf 81' lang='lat' dir='ltr'><strong>vestibulis</strong></span> <span class='ocrx_word' id='word_1_202' title='bbox 552 1790 774 1845; x_wconf 88' lang='lat' dir='ltr'><strong>sedentes</strong></span> <span class='ocrx_word' id='word_1_203' title='bbox 824 1800 957 1851; x_wconf 89' lang='lat' dir='ltr'><strong>viros</strong></span> <span class='ocrx_word' id='word_1_204' title='bbox 991 1840 1007 1863; x_wconf 89' lang='lat'>‚</span> <span class='ocrx_word' id='word_1_205' title='bbox 1052 1823 1227 1871; x_wconf 87' lang='lat' dir='ltr'><strong>praeter</strong></span> <span class='ocrx_word' id='word_1_206' title='bbox 1273 1829 1499 1871; x_wconf 80' lang='lat' dir='ltr'><strong>ornatum</strong></span> <span class='ocrx_word' id='word_1_207' title='bbox 1529 1855 1547 1879; x_wconf 90' lang='lat'><strong>,</strong></span> 
     </span>
    </p>
   </div>
   <div class='ocr_carea' id='block_1_16' title="bbox 257 1849 1611 2070">
    <p class='ocr_par' dir='ltr' id='par_1_17' title="bbox 257 1849 1611 2070">
     <span class='ocr_line' id='line_1_28' title="bbox 261 1849 1608 1946; baseline 0.027 -49"><span class='ocrx_word' id='word_1_208' title='bbox 261 1849 580 1923; x_wconf 84' lang='lat' dir='ltr'><strong>habitumque</strong></span> <span class='ocrx_word' id='word_1_209' title='bbox 615 1860 829 1916; x_wconf 86' lang='lat' dir='ltr'><strong>humano</strong></span> <span class='ocrx_word' id='word_1_210' title='bbox 868 1870 1194 1938; x_wconf 82' lang='lat' dir='ltr'><strong>augustiorem</strong></span> <span class='ocrx_word' id='word_1_211' title='bbox 1225 1915 1241 1938; x_wconf 92' lang='lat'>‚</span> <span class='ocrx_word' id='word_1_212' title='bbox 1295 1879 1545 1946; x_wconf 83' lang='lat' dir='ltr'><strong>majestate</strong></span> <span class='ocrx_word' id='word_1_213' title='bbox 1599 1903 1608 1934; x_wconf 78' lang='lat'><strong>1-</strong></span> 
     </span>
     <span class='ocr_line' id='line_1_29' title="bbox 261 1920 1611 2018; baseline 0.03 -53"><span class='ocrx_word' id='word_1_214' title='bbox 261 1920 410 1969; x_wconf 87' lang='lat' dir='ltr'><strong>etiam</strong></span> <span class='ocrx_word' id='word_1_215' title='bbox 433 1960 448 1985; x_wconf 84' lang='lat'><strong>,</strong></span> <span class='ocrx_word' id='word_1_216' title='bbox 489 1943 634 1992; x_wconf 83' lang='lat' dir='ltr'><strong>quam</strong></span> <span class='ocrx_word' id='word_1_217' title='bbox 671 1932 832 1982; x_wconf 84' lang='lat' dir='ltr'><strong>vultus</strong></span> <span class='ocrx_word' id='word_1_218' title='bbox 872 1940 1176 2009; x_wconf 86' lang='lat' dir='ltr'><strong>gravitasque</strong></span> <span class='ocrx_word' id='word_1_219' title='bbox 1214 1948 1310 1998; x_wconf 84' lang='lat' dir='ltr'><strong>oris</strong></span> <span class='ocrx_word' id='word_1_220' title='bbox 1356 1967 1454 2015; x_wconf 88' lang='lat' dir='ltr'><strong>prae</strong></span> <span class='ocrx_word' id='word_1_221' title='bbox 1491 1952 1543 2004; x_wconf 89' lang='lat' dir='ltr'><strong>se</strong></span> <span class='ocrx_word' id='word_1_222' title='bbox 1600 1981 1611 2018; x_wconf 76' lang='lat'><strong>3?</strong></span> 
     </span>
     <span class='ocr_line' id='line_1_30' title="bbox 257 1984 1609 2070; baseline 0.028 -35"><span class='ocrx_word' id='word_1_223' title='bbox 257 1984 449 2039; x_wconf 83' lang='lat' dir='ltr'><strong>ferebat</strong></span> <span class='ocrx_word' id='word_1_224' title='bbox 469 2029 485 2052; x_wconf 82' lang='lat'><strong>‚</strong></span> <span class='ocrx_word' id='word_1_225' title='bbox 522 1993 791 2051; x_wconf 72' lang='lat' dir='ltr'><strong>simillimos</strong></span> <span class='ocrx_word' id='word_1_226' title='bbox 822 2003 927 2055; x_wconf 86' lang='lat' dir='ltr'><strong>diis.</strong></span> <span class='ocrx_word' id='word_1_227' title='bbox 961 2007 1044 2057; x_wconf 92' lang='lat' dir='ltr'><strong>Ad</strong></span> <span class='ocrx_word' id='word_1_228' title='bbox 1065 2027 1151 2060; x_wconf 87' lang='lat' dir='ltr'><strong>eos</strong></span> <span class='ocrx_word' id='word_1_229' title='bbox 1172 2014 1325 2068; x_wconf 85' lang='lat' dir='ltr'><strong>veluti</strong></span> <span class='ocrx_word' id='word_1_230' title='bbox 1345 2018 1543 2070; x_wconf 83' lang='lat' dir='ltr'><strong>fimula-</strong></span> <span class='ocrx_word' id='word_1_231' title='bbox 1607 2052 1609 2054; x_wconf 95' lang='lat'>·</span> 
     </span>
    </p>
   </div>
   <div class='ocr_carea' id='block_1_17' title="bbox 256 2059 1606 2156">
    <p class='ocr_par' dir='ltr' id='par_1_18' title="bbox 256 2059 1606 2156">
     <span class='ocr_line' id='line_1_31' title="bbox 256 2059 1606 2156; baseline 0.03 -54"><span class='ocrx_word' id='word_1_232' title='bbox 256 2071 341 2105; x_wconf 82' lang='lat' dir='ltr'><strong>cra</strong></span> <span class='ocrx_word' id='word_1_233' title='bbox 370 2059 490 2108; x_wconf 82' lang='lat' dir='ltr'><strong>versi</strong></span> <span class='ocrx_word' id='word_1_234' title='bbox 532 2081 681 2130; x_wconf 88' lang='lat' dir='ltr'><strong>quum</strong></span> <span class='ocrx_word' id='word_1_235' title='bbox 714 2067 922 2134; x_wconf 88' lang='lat' dir='ltr'><strong>starent,</strong></span> <span class='ocrx_word' id='word_1_236' title='bbox 961 2074 1036 2125; x_wconf 89' lang='lat' dir='ltr'><strong>M.</strong></span> <span class='ocrx_word' id='word_1_237' title='bbox 1073 2077 1284 2148; x_wconf 82' lang='lat' dir='ltr'><strong>Papirius</strong></span> <span class='ocrx_word' id='word_1_238' title='bbox 1313 2103 1436 2137; x_wconf 88' lang='lat' dir='ltr'><strong>unus</strong></span> <span class='ocrx_word' id='word_1_239' title='bbox 1474 2104 1538 2140; x_wconf 81' lang='lat' dir='ltr'><strong>ex</strong></span> <span class='ocrx_word' id='word_1_240' title='bbox 1595 2107 1606 2156; x_wconf 70' lang='lat' dir='ltr'><strong>&#39;j</strong></span> 
     </span>
    </p>
   </div>
   <div class='ocr_carea' id='block_1_18' title="bbox 256 2121 1538 2209">
    <p class='ocr_par' dir='ltr' id='par_1_19' title="bbox 256 2121 1538 2209">
     <span class='ocr_line' id='line_1_32' title="bbox 256 2121 1538 2209; baseline 0.03 -39"><span class='ocrx_word' id='word_1_241' title='bbox 256 2121 330 2172; x_wconf 83' lang='lat' dir='ltr'><strong>his</strong></span> <span class='ocrx_word' id='word_1_242' title='bbox 363 2126 537 2178; x_wconf 90' lang='lat' dir='ltr'><strong>dicitur</strong></span> <span class='ocrx_word' id='word_1_243' title='bbox 573 2131 722 2186; x_wconf 85' lang='lat' dir='ltr'><strong>Gallo</strong></span> <span class='ocrx_word' id='word_1_244' title='bbox 750 2139 951 2191; x_wconf 77' lang='lat' dir='ltr'><strong>barbam</strong></span> <span class='ocrx_word' id='word_1_245' title='bbox 975 2143 1102 2195; x_wconf 81' lang='lat' dir='ltr'><strong>suam</strong></span> <span class='ocrx_word' id='word_1_246' title='bbox 1122 2185 1137 2209; x_wconf 90' lang='lat'>‚</span> <span class='ocrx_word' id='word_1_247' title='bbox 1172 2164 1222 2199; x_wconf 91' lang='lat' dir='ltr'><strong>ut</strong></span> <span class='ocrx_word' id='word_1_248' title='bbox 1247 2166 1350 2202; x_wconf 88' lang='lat' dir='ltr'><strong>tum</strong></span> <span class='ocrx_word' id='word_1_249' title='bbox 1376 2158 1538 2206; x_wconf 89' lang='lat' dir='ltr'><strong>omni-</strong></span> 
     </span>
    </p>
   </div>
   <div class='ocr_carea' id='block_1_19' title="bbox 255 2189 1604 2358">
    <p class='ocr_par' dir='ltr' id='par_1_20' title="bbox 255 2189 1605 2358">
     <span class='ocr_line' id='line_1_33' title="bbox 256 2189 1536 2286; baseline 0.03 -48"><span class='ocrx_word' id='word_1_250' title='bbox 256 2189 348 2241; x_wconf 83' lang='lat' dir='ltr'><strong>bus</strong></span> <span class='ocrx_word' id='word_1_251' title='bbox 371 2198 596 2260; x_wconf 76' lang='lat' dir='ltr'><strong>promissa</strong></span> <span class='ocrx_word' id='word_1_252' title='bbox 616 2218 715 2253; x_wconf 88' lang='lat' dir='ltr'><strong>erat</strong></span> <span class='ocrx_word' id='word_1_253' title='bbox 737 2243 752 2265; x_wconf 90' lang='lat'>‚</span> <span class='ocrx_word' id='word_1_254' title='bbox 783 2212 1136 2275; x_wconf 86' lang='lat' dir='ltr'><strong>permulcenti,</strong></span> <span class='ocrx_word' id='word_1_255' title='bbox 1164 2217 1374 2286; x_wconf 84' lang='lat' dir='ltr'><strong>scipione</strong></span> <span class='ocrx_word' id='word_1_256' title='bbox 1393 2225 1536 2275; x_wconf 68' lang='lat' dir='ltr'><strong>ebur—</strong></span> 
     </span>
     <span class='ocr_line' id='line_1_34' title="bbox 255 2264 1604 2358; baseline 0.03 -52"><span class='ocrx_word' id='word_1_257' title='bbox 255 2276 353 2309; x_wconf 85' lang='lat' dir='ltr'><strong>neo</strong></span> <span class='ocrx_word' id='word_1_258' title='bbox 377 2264 425 2312; x_wconf 89' lang='lat' dir='ltr'><strong>in</strong></span> <span class='ocrx_word' id='word_1_259' title='bbox 449 2283 592 2332; x_wconf 88' lang='lat' dir='ltr'><strong>caput</strong></span> <span class='ocrx_word' id='word_1_260' title='bbox 614 2271 794 2325; x_wconf 82' lang='lat' dir='ltr'><strong>incuffo</strong></span> <span class='ocrx_word' id='word_1_261' title='bbox 822 2315 837 2338; x_wconf 88' lang='lat'>‚</span> <span class='ocrx_word' id='word_1_262' title='bbox 867 2281 985 2329; x_wconf 86' lang='lat' dir='ltr'><strong>iram</strong></span> <span class='ocrx_word' id='word_1_263' title='bbox 1015 2284 1217 2335; x_wconf 71' lang='lat' dir='ltr'><strong>movisse</strong></span> <span class='ocrx_word' id='word_1_264' title='bbox 1248 2305 1261 2336; x_wconf 75' lang='grc' dir='ltr'><strong><em>ε</em></strong></span> <span class='ocrx_word' id='word_1_265' title='bbox 1297 2304 1442 2358; x_wconf 86' lang='lat' dir='ltr'><strong>atque</strong></span> <span class='ocrx_word' id='word_1_266' title='bbox 1472 2293 1534 2343; x_wconf 88' lang='lat' dir='ltr'><strong>ab</strong></span> <span class='ocrx_word' id='word_1_267' title='bbox 1602 2319 1604 2321; x_wconf 58' lang='grc'><strong><em>’</em></strong></span> 
     </span>
    </p>
   </div>
   <div class='ocr_carea' id='block_1_20' title="bbox 256 2331 1531 2412">
    <p class='ocr_par' dir='ltr' id='par_1_21' title="bbox 256 2331 1531 2412">
     <span class='ocr_line' id='line_1_35' title="bbox 256 2331 1531 2412; baseline 0.028 -36"><span class='ocrx_word' id='word_1_268' title='bbox 256 2343 320 2377; x_wconf 81' lang='lat' dir='ltr'><strong>eo</strong></span> <span class='ocrx_word' id='word_1_269' title='bbox 343 2331 530 2382; x_wconf 87' lang='lat' dir='ltr'><strong>initium</strong></span> <span class='ocrx_word' id='word_1_270' title='bbox 558 2339 700 2389; x_wconf 87' lang='lat' dir='ltr'><strong>caedis</strong></span> <span class='ocrx_word' id='word_1_271' title='bbox 726 2357 885 2396; x_wconf 86' lang='lat' dir='ltr'><strong>ortum</strong></span> <span class='ocrx_word' id='word_1_272' title='bbox 907 2387 921 2408; x_wconf 90' lang='lat'><strong>‚</strong></span> <span class='ocrx_word' id='word_1_273' title='bbox 952 2368 1138 2402; x_wconf 87' lang='lat' dir='ltr'><strong>ceteros</strong></span> <span class='ocrx_word' id='word_1_274' title='bbox 1158 2356 1206 2403; x_wconf 89' lang='lat' dir='ltr'><strong>in</strong></span> <span class='ocrx_word' id='word_1_275' title='bbox 1228 2354 1417 2409; x_wconf 87' lang='lat' dir='ltr'><strong>sedibus</strong></span> <span class='ocrx_word' id='word_1_276' title='bbox 1438 2360 1531 2412; x_wconf 86' lang='lat' dir='ltr'><strong>suis</strong></span> 
     </span>
    </p>
   </div>
   <div class='ocr_carea' id='block_1_21' title="bbox 255 2399 1603 2483">
    <p class='ocr_par' dir='ltr' id='par_1_22' title="bbox 255 2399 1603 2483">
     <span class='ocr_line' id='line_1_36' title="bbox 255 2399 1603 2483; baseline 0.03 -40"><span class='ocrx_word' id='word_1_277' title='bbox 255 2399 540 2453; x_wconf 83' lang='lat' dir='ltr'><strong>trucidatos.</strong></span> <span class='ocrx_word' id='word_1_278' title='bbox 562 2404 670 2456; x_wconf 85' lang='lat' dir='ltr'><strong>Post</strong></span> <span class='ocrx_word' id='word_1_279' title='bbox 686 2414 958 2481; x_wconf 86' lang='lat' dir='ltr'><strong>principum</strong></span> <span class='ocrx_word' id='word_1_280' title='bbox 977 2420 1189 2483; x_wconf 78' lang='lat' dir='ltr'><strong>caedem,</strong></span> <span class='ocrx_word' id='word_1_281' title='bbox 1219 2426 1334 2474; x_wconf 85' lang='lat' dir='ltr'><strong>nulli</strong></span> <span class='ocrx_word' id='word_1_282' title='bbox 1349 2428 1532 2482; x_wconf 80' lang='lat' dir='ltr'><strong>deinde</strong></span> <span class='ocrx_word' id='word_1_283' title='bbox 1600 2439 1603 2446; x_wconf 83' lang='lat'><em>‘</em></span> 
     </span>
    </p>
   </div>
   <div class='ocr_carea' id='block_1_22' title="bbox 311 2547 1402 2629">
    <p class='ocr_par' dir='ltr' id='par_1_23' title="bbox 311 2547 1402 2629">
     <span class='ocr_line' id='line_1_37' title="bbox 311 2547 1402 2629; baseline 0.036 -42"><span class='ocrx_word' id='word_1_284' title='bbox 311 2559 335 2601; x_wconf 79' lang='lat'>5</span> <span class='ocrx_word' id='word_1_285' title='bbox 361 2547 560 2607; x_wconf 71' lang='lat' dir='ltr'><strong>Pmfhnee</strong></span> <span class='ocrx_word' id='word_1_286' title='bbox 587 2563 774 2618; x_wconf 78' lang='lat' dir='ltr'><strong>carmen]</strong></span> <span class='ocrx_word' id='word_1_287' title='bbox 807 2565 904 2615; x_wconf 83' lang='lat' dir='ltr'><strong>Vid.</strong></span> <span class='ocrx_word' id='word_1_288' title='bbox 939 2580 1029 2614; x_wconf 72' lang='lat' dir='ltr'><strong>nct.</strong></span> <span class='ocrx_word' id='word_1_289' title='bbox 1061 2583 1086 2629; x_wconf 80' lang='lat'><em>3</em></span> <span class='ocrx_word' id='word_1_290' title='bbox 1117 2574 1167 2616; x_wconf 72' lang='lat' dir='ltr'><strong>acl</strong></span> <span class='ocrx_word' id='word_1_291' title='bbox 1196 2576 1296 2624; x_wconf 81' lang='lat' dir='ltr'><strong>IV.</strong></span> <span class='ocrx_word' id='word_1_292' title='bbox 1324 2589 1402 2623; x_wconf 66' lang='lat'><strong>210</strong></span> 
     </span>
    </p>
   </div>
   <div class='ocr_carea' id='block_1_23' title="bbox 1590 0 1652 3083">
    <p class='ocr_par' dir='ltr' id='par_1_24' title="bbox 1590 0 1652 3083">
     <span class='ocr_line' id='line_1_38' title="bbox 1590 0 1652 3083; baseline 0 0"><span class='ocrx_word' id='word_1_293' title='bbox 1590 0 1652 3083; x_wconf 95' lang='lat' dir='ltr'><strong> </strong></span> 
     </span>
    </p>
   </div>
   <div class='ocr_carea' id='block_1_24' title="bbox 1604 1265 1647 1294">
    <p class='ocr_par' dir='ltr' id='par_1_25' title="bbox 1604 1265 1647 1294">
     <span class='ocr_line' id='line_1_39' title="bbox 1604 1265 1647 1294; baseline 0.023 -21"><span class='ocrx_word' id='word_1_294' title='bbox 1604 1265 1612 1294; x_wconf 36' lang='grc' dir='ltr'><em>ἶ</em></span> <span class='ocrx_word' id='word_1_295' title='bbox 1646 1271 1647 1274; x_wconf 76' lang='grc'>,</span> 
     </span>
    </p>
   </div>
   <div class='ocr_carea' id='block_1_25' title="bbox 1599 1471 1633 1877">
    <p class='ocr_par' dir='ltr' id='par_1_26' title="bbox 1599 1471 1633 1877">
     <span class='ocr_line' id='line_1_40' title="bbox 1610 1471 1633 1641; baseline 0 0"><span class='ocrx_word' id='word_1_296' title='bbox 1610 1471 1633 1641; x_wconf 66' lang='grc' dir='ltr'><em>ἓ</em></span> 
     </span>
     <span class='ocr_line' id='line_1_41' title="bbox 1599 1687 1630 1877; baseline 0.032 -69"><span class='ocrx_word' id='word_1_297' title='bbox 1599 1687 1630 1877; x_wconf 58' lang='lat' dir='ltr'><em>g</em></span> 
     </span>
    </p>
   </div>
  </div>
 </body>
</html>
