1704 3073
317 97 390 156 88
597 94 1295 172 T1T1L1v11

312 180 393 242 qui
415 178 540 230 ferre
564 200 693 232 arma
717 186 1030 252 poffenteum
1047 212 1297 244 numerum
1320 194 1470 247 fuisse.
1498 199 1584 249 Ad
1647 191 1662 239 ζ’

313 261 418 293 earn
456 250 812 303 multitudinem
855 259 965 306 urbs
1013 279 1206 328 quoque
1249 265 1583 329 amplificanda
1649 297 1652 301 ·

171 314 272 356 Urbs
312 313 410 362 visa
431 315 512 364 est.
550 319 701 368 Addit
725 323 845 371 duos
867 326 1014 374 colies
1033 365 1046 387 ‚
1070 330 1403 394 Quirinalem,
1428 335 1584 382 Vimi-

105 378 274 433 αηῑβῖζῇ·
313 383 603 450 nalemque3
639 389 752 437 inde
789 407 807 438 1
847 392 1074 460 deinceps
1106 415 1131 444 2
1158 415 1301 465 auget
1324 399 1584 467 Esquilias:

105 451 212 481 cata.

309 449 470 517 ibique
516 454 612 517 ipse
637 492 651 514 ,
697 472 747 505 ut
784 458 897 507 loco
937 461 1140 527 dignitas
1175 466 1310 516 fieret
1333 506 1346 526 ,
1385 470 1585 520 habitat.

304 516 503 585 Aggere
526 522 575 568 &
608 522 737 571 foffis
762 526 812 572 &
837 544 974 577 muro
1006 533 1267 582 circumdat
1287 537 1487 595 urbem3
1516 539 1580 586 ita

302 591 597 651 pomoerium
619 591 841 656 profert.
893 595 1186 648 Pornoerium
1225 639 1238 662 ‚
1296 606 1429 652 verbi
1475 608 1578 653 vim

299 653 451 702 solam
479 658 718 707 intuentes
743 697 756 720 ‚
797 676 817 725 3
847 663 1175 728 postmoerium
1211 671 1583 737 interpretantur

301 720 411 770 esse.
439 721 515 770 Est
532 740 690 774 autern
723 732 871 794 magis
894 733 1014 780 circa
1034 752 1219 784 murum
1244 738 1410 799 locus;
1435 756 1586 805 quem

299 789 349 836 in
385 791 651 842 condendis
702 797 896 845 urbibus
942 802 1187 866 quondam
1231 804 1452 865 Etrusci,
1487 808 1582 873 quii.

299 873 492 906 murum
545 859 725 910 dueiuri
769 881 940 926 erant,
996 872 1139 918 certis
1190 872 1313 921 circii
1363 877 1584 925 terminis

300 926 583 992 inaugurato
624 930 966 981 consecrabant
1001 953 1011 982 :
1061 954 1110 985 ut
1147 955 1305 1005 neque
1349 944 1585 993 interiore

298 1006 434 1059 parte
463 993 665 1045 aedificia
693 1016 725 1060 4
754 1001 992 1050 moenibus
1019 1008 1410 1058 continuarentur
1430 1048 1444 1070 ‚
1474 1029 1582 1078 quae

299 1079 430 1110 nunc
450 1063 599 1131 vulgo
627 1068 769 1115 etiam
797 1083 816 1133 5
855 1069 1154 1137 conjungunt
1178 1093 1190 1133 3
1222 1077 1271 1124 ὃ(
1293 1075 1582 1129 extrinsecus

299 1131 406 1195 puri
435 1131 613 1197 aliquid
642 1135 699 1182 ab
728 1137 938 1186 humano
962 1141 1086 1188 cuitu
1111 1158 1299 1206 pateret
1328 1145 1428 1194 soli.
1465 1146 1579 1196 Hoc
1636 1148 1639 1151 ’

296 1197 498 1263 spatium
525 1238 538 1258 ‚
577 1204 709 1266 quod
745 1221 905 1271 neque
935 1207 1131 1257 habitari
1161 1210 1319 1278 neque
1356 1216 1471 1261 arari
1507 1215 1579 1264 fas

298 1281 402 1314 erat
421 1304 435 1326 ,
465 1285 564 1315 non
590 1274 740 1337 magis
764 1273 894 1336 quod
915 1274 1018 1338 post
1055 1295 1240 1325 murum
1265 1280 1408 1341 esset,
1432 1299 1581 1348 quam-

299 1334 433 1398 quod
453 1353 613 1385 murus
634 1339 740 1404 post
763 1341 810 1387 id
829 1379 842 1400 ‚
866 1346 1155 1407 pomoerium
1179 1344 1389 1397 Romani
1412 1352 1580 1415 appel·

296 1401 479 1451 larunt:
506 1405 622 1452 &in
643 1408 768 1455 urbis
789 1410 1088 1461 incremento
1111 1413 1299 1480 semper
1315 1455 1329 1477 ,
1347 1421 1578 1483 quantum

295 2161 356 2216 gis
387 2176 402 2208 ,·
429 2163 604 2216 itemque
631 2181 746 2206 mons

366 1495 383 1522 1
416 1484 654 1541 Deinceps]
699 1488 907 1530 Continuo

300 1545 458 1586 ordine.
497 1547 654 1587 Etenim
683 1564 797 1591 mons
834 1552 905 1592 Es-

298 1607 474 1660 quilinus
525 1609 715 1653 Viminali
766 1614 907 1667 proxi-

297 1682 385 1709 mus
415 1669 484 1710 est.

362 1743 388 1771 2
412 1732 542 1787 Auget
563 1732 794 1790 Esquilias]
821 1737 906 1777 Ad·

300 1791 392 1832 ditis
406 1793 581 1835 aedificiis
599 1797 639 1836 ὃ(
662 1797 821 1838 incolis.
834 1798 904 1853 Es—

299 1854 430 1908 quiliae
459 1867 595 1896 autem
637 1858 797 1900 fortasse
834 1876 905 1914 ap-

274 1916 561 1969 Npellationem
592 1933 831 1974 acceperant
857 1925 905 1963 ab

297 1973 458 2030 Esculis
487 2007 500 2023 ,
547 1983 751 2034 quomodo
791 1998 905 2026 mons

300 2035 539 2085 Viminalis,
563 2042 747 2097 idemque
773 2044 906 2101 Fagn-

299 2099 424 2145 talis,
460 2116 483 2139 a
522 2102 727 2145 viminibus
769 2107 809 2147 &
835 2107 906 2160 fa·

781 2168 904 2226 Quer-

297 2223 529 2276 quetulanus
545 2254 558 2270 ,
579 2226 644 2280 qui
661 2228 794 2281 postea
812 2229 905 2270 Cae-

296 2283 397 2332 lius,
431 2299 451 2323 a
483 2292 686 2339 quercetis.

361 2357 382 2399 3
421 2345 682 2397 Postmoerium
713 2351 903 2407 interpre-

297 2419 434 2446 tantur
463 2408 569 2461 eſj'e]
609 2410 718 2466 Lege
755 2413 902 2454 divifim

296 2482 387 2507 cum
419 2468 632 2510 Perizonio
652 2499 661 2517 ‚
701 2474 789 2527 post
817 2491 899 2514 moe-

297 2545 379 2568 rum
399 2559 409 2576 ‚
440 2529 518 2570 sive
551 2548 708 2573 murum.
733 2535 901 2590 Antiqui

297 2592 402 2629 enim
432 2607 505 2643 pto
533 2594 663 2634 littera
695 2611 716 2633 u
744 2596 900 2646 usurpa-

295 2652 390 2692 bant
422 2655 620 2696 interdum
653 2671 721 2704 α’,-
759 2658 901 2699 scribe·

971 1495 1145 1548 bamque
1163 1510 1398 1536 efferaverant
1416 1513 1488 1551 pro
1511 1514 1578 1538 cu-

970 1569 1167 1596 raverunt.
1208 1558 1399 1599 Ceterum
1435 1574 1580 1601 emen·
1609 1566 1611 1568 ’

971 1617 1078 1657 datio
1097 1618 1296 1660 Perizonii
1329 1622 1490 1662 omnino
1513 1622 1575 1662 vi-

970 1679 1086 1720 detur
1107 1682 1335 1722 necessaria.
1355 1684 1448 1723 Non
1467 1684 1576 1725 enim

970 1752 1091 1801 negat
1113 1743 1249 1783 Livius
1271 1749 1491 1798 pomoerium
1512 1746 1576 1786 di-
1633 1745 1639 1751 ’

971 1803 1072 1842 &um
1089 1803 1164 1844 esse
1181 1805 1543 1860 quafipostmoerium
1559 1821 1572 1847 ε

970 1864 1034 1903 sed
1063 1867 1272 1906 contendit
1298 1869 1345 1906 eit
1373 1882 1475 1908 voce
1503 1869 1577 1908 de·-

968 1924 1108 1980 fignati
1126 1929 1255 1967 locum
1275 1930 1379 1968 circa
1402 1944 1573 1977 murum,

969 1998 1048 2027 tam
1073 2002 1161 2028 eum
1190 1989 1274 2043 post
1301 2005 1417 2043 quem
1438 2005 1575 2032 murus

970 2048 1080 2094 esset,
1098 2052 1211 2103 quiim
1227 2052 1292 2104 qui
1306 2051 1388 2105 post
1402 2067 1573 2094 murum.

1029 2123 1055 2160 4
1077 2111 1270 2152 Moenibus
1289 2114 1573 2155 continuaren-

968 2172 1064 2225 tur]
1096 2172 1225 2228 Prope
1245 2189 1379 2215 muros
1400 2176 1573 2218 exstrue·

967 2246 1124 2274 rentur.

1033 2307 1051 2345 5
1084 2295 1358 2352 Conjungutzt]
1393 2298 1450 2338 Ita
1478 2299 1573 2353 jun·

967 2366 1064 2410 gunt
1084 2388 1095 2408 ‚
1131 2368 1175 2396 ut
1195 2359 1337 2398 moenia
1370 2360 1476 2401 urbis
1497 2359 1570 2403 fine

965 2419 1208 2470 privatarum
1236 2420 1375 2460 :edium
1401 2433 1569 2474 partes:

966 2479 1070 2519 unde
1084 2478 1204 2519 fiebat
1217 2509 1230 2526 ,
1246 2491 1288 2520 ut
1301 2481 1466 2536 Augusti
1478 2498 1575 2525 aevo

966 2540 1069 2579 haud
1083 2541 1200 2581 facile
1228 2541 1323 2581 effer
1343 2557 1387 2582 ea
1413 2544 1571 2598 dignos:

965 2615 1058 2642 cete
1077 2631 1087 2649 ,
1119 2603 1217 2644 teste
1244 2604 1372 2646 Dion.
1392 2605 1420 2645 l.
1446 2605 1530 2649 ΙΨ..
