1668 3078
102 206 248 255 Amore

74 269 114 310 ὶπ
139 291 208 328 [ηα-

280 142 351 179 xx
560 116 1232 177 PRAEFATIO.

348 196 581 249 Ceterum
623 199 759 249 fateri
789 202 1008 266 *cogimur
1051 200 1172 249 Livii
1205 198 1354 249 fidem
1383 235 1398 259 ‚
1446 214 1552 265 quae

279 267 509 325 adversus
547 270 745 334 gratiam
779 270 1106 332 potentiorum
1154 265 1424 316 inconcussa
1459 267 1558 316 ste-

70 334 187 374 m‘ffln
202 338 263 376 la·
279 337 335 384 tit
353 372 368 394 ,
392 352 559 383 amore
583 338 745 401 patriae
767 337 1019 400 aliquoties
1041 334 1175 384 fuisse
1205 333 1553 383 labefatfi‘tatam.

72 392 237 448 befaffa.

136 885 180 940 §-
208 899 247 940 3.

278 400 430 466 Cujus
448 403 640 467 quidem
671 403 822 467 culpae
841 440 854 461 ,
886 403 944 450 ab
970 401 1291 452 honestiffima
1307 402 1415 450 sane
1439 419 1556 450 cau-

274 470 321 519 sa
349 469 601 535 profe&ae‚
638 469 718 519 sed
751 471 902 535 culpae
922 487 1082 518 tamen
1103 507 1117 530 ,
1140 488 1238 519 non
1270 470 1553 518 auderemus

275 553 461 587 tantum
491 539 648 586 virum
676 537 941 586 insimulare
961 575 975 597 ‚
1007 537 1092 585 nifi
1124 555 1198 586 res
1239 538 1362 586 clara
1386 539 1553 585 omni-

274 624 342 654 no
373 604 535 663 foret,
566 606 616 653 &
653 606 867 670 plurimis
890 603 1239 671 manifestisque
1264 606 1557 670 argumentis

273 688 538 721 teneretur.
571 671 736 721 Liceat
765 674 904 721 nobis
933 675 1174 721 remittere
1205 672 1459 720 Le&orem
1495 672 1555 720 ad

275 757 333 789 ea
359 757 464 806 quae
491 742 539 788 in
566 738 851 789 Praefatione
881 740 941 788 ad
972 739 1209 803 majorem
1231 737 1440 788 nostram
1473 738 1557 787 Li-

275 810 343 859 vii
374 807 640 856 editionem
667 806 806 873 super
829 809 923 855 hoc
947 811 1145 873 negotio
1167 807 1527 873 disputavimus,

349 873 508 938 Quod
534 874 567 923 si
596 876 645 922 in
674 876 730 923 iis
763 876 909 923 etiam
944 892 1048 939 quae
1084 890 1251 941 peccat
1282 873 1553 922 identidem
1575 894 1586 905 κ

82 948 263 989 ΙᾸνιυε
285 941 446 990 Livius
466 980 479 1001 ,
505 960 642 990 amor
672 956 833 990 tamen
864 943 1052 989 virtutis
1082 943 1264 991 eminet
1284 978 1297 998 ,
1324 943 1389 988 ita
1426 955 1475 989 ut
1496 940 1555 988 ab

74 1020 229 1050 RECTI

73 1081 231 1110 EONE·

282 1012 428 1075 aequis
455 1008 690 1074 judicibus
724 1010 822 1057 laus
843 1009 887 1058 ei
912 1026 1020 1057 cum
1043 1007 1416 1075 reprehensione
1437 1020 1559 1055 con-

282 1074 438 1139 junRa
470 1077 730 1136 debeatur3
763 1090 964 1141 quantus
985 1076 1107 1124 illius
1138 1078 1300 1142 gloriae
1330 1075 1557 1140 splendor

74 1142 263 1181 ⁵T1QUE
284 1144 381 1204 est,
413 1144 492 1193 ubi
520 1143 725 1193 sincerus
759 1146 908 1202 nitet,
939 1161 1028 1192 nec
1064 1144 1159 1191 ulla
1198 1145 1370 1191 erroris
1392 1159 1560 1190 macu-

72 1201 261 1237 AMANS.

130 1762 270 1808 Pietas

77 1824 157 1876 ejus
189 1828 227 1868 in

76 1888 248 1932 numina.

281 1213 325 1260 la
361 1212 658 1261 deformatus
690 1211 706 1259 ?
743 1210 940 1275 Ubique
976 1210 1117 1276 spirat
1147 1211 1273 1274 apud
1306 1227 1416 1259 eum
1446 1227 1557 1259 cura

280 1280 680 1329 commendandae
702 1277 956 1327 honestatis
978 1296 987 1325 :
1018 1278 1142 1326 suam
1166 1279 1246 1326 ille
1267 1279 1444 1343 ubique
1463 1280 1561 1325 vir-

277 1349 371 1396 tuti
394 1348 584 1396 laudem
606 1385 620 1406 ‚
644 1347 770 1395 suam
791 1348 908 1394 vitio
930 1345 1086 1393 reddit
1104 1347 1418 1411 ignominiam
1440 1362 1452 1403 3
1476 1362 1561 1395 ne-

279 1432 370 1481 que
409 1415 588 1462 nudam
621 1432 674 1462 ac
710 1412 921 1478 jejunam
950 1414 1186 1462 mistorum
1224 1412 1558 1478 fa&orumque

278 1484 511 1548 proponit
544 1482 710 1530 seriem
746 1482 1012 1548 legentibus
1037 1519 1051 1539 ‚
1082 1480 1159 1528 sed
1190 1483 1244 1528 iis
1291 1478 1558 1528 instruetam

278 1549 465 1615 judiciis
494 1567 547 1597 ac
581 1552 834 1614 praeceptis
860 1586 874 1607 ‚
903 1564 1007 1612 quae
1033 1547 1092 1595 ad
1113 1564 1309 1596 omnem
1335 1548 1447 1594 vitae
1482 1544 1559 1595 of-

279 1616 474 1683 ficiique
517 1618 755 1666 rationem
808 1618 1002 1684 egregia
1043 1613 1219 1682 poffint
1267 1612 1360 1664 esse
1402 1614 1560 1663 docu-

281 1702 465 1735 menta.

357 1752 431 1802 Ac
465 1751 624 1817 primo
653 1750 850 1817 quidem
886 1751 1115 1816 pietatem
1143 1751 1192 1796 in
1230 1750 1425 1798 numina
1452 1765 1559 1815 quae

287 1821 413 1886 apud
447 1820 554 1868 suos
589 1819 904 1877 colebantur,
940 1819 987 1866 &
1019 1818 1275 1884 quamdam
1313 1818 1559 1883 religionis

289 1889 449 1954 patriae
482 1888 805 1935 reverentiam
840 1887 1017 1951 ubique
1053 1883 1302 1951 profitetur
1329 1902 1340 1932 :
1369 1884 1560 1945 infelix,

283 1957 367 2022 qui
391 1968 667 2021 temporum
697 1955 819 2003 vitio
854 1955 905 2002 &
939 1955 1208 2001 communis
1231 1954 1442 2017 exempli
1466 1954 1559 2001 im·-

282 2023 480 2090 periosa
519 2022 628 2087 lege
670 2023 895 2086 abreptus
936 2020 1119 2070 futilem
1167 2020 1408 2085 religionis
1451 2037 1561 2068 um-

282 2092 419 2139 bram
456 2107 543 2155 pro
577 2105 628 2137 re
677 2089 1044 2154 amplefiieretur
1084 2105 1099 2147 3
1139 2087 1398 2135 laudandus
1422 2123 1437 2146 ,
1478 2088 1562 2152 qui

281 2158 500 2206 umbram
537 2158 770 2205 retineret
799 2160 992 2214 tamen,
1025 2155 1217 2218 seseque
1260 2155 1463 2202 multum
1499 2155 1559 2202 ab

281 2224 556 2274 insanientis
592 2223 832 2288 sapientiae
866 2225 1062 2271 audacia
1103 2225 1153 2271 &
1189 2224 1461 2271 temeritate
1491 2220 1562 2270 se-

281 2291 535 2359 jungeret,
561 2307 666 2355 quae
702 2291 883 2339 bellum
917 2291 1040 2338 falfis
1076 2290 1307 2337 indi6lum
1338 2289 1424 2337 diis
1451 2306 1560 2337 cum

282 2377 405 2410 vero
438 2357 635 2425 gerebat
658 2395 672 2417 ,
710 2359 762 2406 &
798 2358 910 2406 dum
947 2359 1122 2422 impios
1162 2357 1295 2422 vulgi
1320 2358 1442 2404 circa
1486 2356 1558 2403 di-

277 2428 398 2476 ‘vina
433 2426 712 2492 profligaret
748 2442 933 2474 errores
959 2463 972 2484 ‚
1005 2424 1151 2489 ipsam
1188 2424 1388 2472 tollebat
1426 2423 1560 2471 divi-

282 2512 397 2543 nam
424 2494 523 2541 vim
545 2530 560 2551 ‚
593 2492 861 2558 eademque
896 2495 1046 2557 opera
1079 2494 1338 2539 maximum
1375 2488 1557 2553 justitiae

285 2562 334 2608 δέ
365 2561 602 2608 societatis
632 2560 849 2608 humanae
878 2560 1119 2607 vinculum
1149 2557 1444 2607 dissolvebat.
1470 2555 1558 2607 Sa·

286 2629 511 2698 crilegam
542 2628 661 2677 hanc
684 2666 697 2690 ,
734 2647 838 2696 quae
875 2627 957 2677 suo
989 2645 1096 2677 aevo
1132 2625 1303 2677 Romae'
1325 2625 1554 2693 vigebat,
