1704 3073
318 99 425 158 160
591 103 1281 172 T1T1'L1vr1

101 185 290 240 U.c.259.
308 197 387 227 ma
407 178 491 246 ipfi
513 187 756 250 capientes
789 189 899 239 dare
930 192 1135 257 possent.
1168 195 1382 247 Ariciam
1412 195 1584 248 infesto

100 241 291 296 a.C.493.

309 250 497 313 agmine
534 252 660 314 itur,
697 268 786 304 nec
825 261 994 320 procul
1042 263 1151 312 inde
1194 281 1302 312 cum
1341 266 1584 314 Auruncis

307 314 436 382 signa
461 318 635 369 collata
663 337 674 368 z
703 324 964 390 praelioque
987 346 1083 379 uno
1103 331 1393 381 debellatum
1418 332 1502 381 est.

155 390 291 434 Turbae
318 417 332 425 κ
374 382 591 435 XXVII.
643 387 770 437 Fufis
819 392 1053 442 Auruncis
1084 433 1099 457 ,
1149 398 1300 447 viclor
1349 414 1423 449 tot
1462 403 1582 449 intra
1606 447 1620 456 ,

97 451 148 492 ob
168 468 292 495 nexos
307 466 488 514 paucos
509 453 609 502 dies
628 454 766 505 bellis
783 456 1034 510 Romanus
1049 500 1064 523 ‚
1099 462 1321 530 promissa
1347 466 1548 516 consulis
1567 503 1584 527 ‚

91 526 228 554 ‘recru-

97 572 271 630 descunt.

305 515 553 586 fidemque
585 521 770 573 senatus
793 526 1126 593 exspefihbat:
1166 551 1312 598 quum
1347 536 1537 602 Appius
1565 571 1581 594 ‚

309 585 363 634 &
395 586 529 635 insita
559 587 774 656 superbia
803 597 998 657 animo,
1034 599 1086 647 &
1114 614 1164 648 ut
1195 602 1393 669 coll'egae
1410 620 1586 653 vanam

304 650 483 703 faceret
500 654 680 718 fidem,
721 664 861 726 quam
888 664 1139 730 asperrime
1172 684 1398 734 poterat,
1428 668 1500 733 jus
1522 670 1585 718 de

306 721 497 770 creditis
528 728 742 789 pecuniis
775 729 934 780 dicere
955 747 983 791 3·
1016 733 1243 800 deinceps
1277 739 1326 784 ὅ(
1361 739 1441 804 qui
1472 737 1584 786 ante

304 791 421 838 nexi
449 788 637 841 fuerant
663 830 677 854 ‚
713 796 1028 848 creditoribus
1050 803 1359 852 tradebantur
1379 842 1394 865 ,
1425 805 1475 854 ὅ(
1497 823 1588 854 ne-

306 854 559 908 &ebantur
591 860 683 910 alii.
733 863 890 927 Quod
919 868 999 915 ubi
1037 871 1110 916 cui
1141 872 1279 920 militi
1315 872 1585 933 inciderat,

305 924 543 991 collegam
578 929 851 995 appellabat
875 970 890 992 ‚
940 937 1192 986 concursus
1232 939 1292 987 ad
1329 939 1585 989 Servilium

304 989 455 1041 fiebat
476 1031 490 1053 ‚
521 995 641 1044 illius
663 998 886 1062 promissa
916 1000 1185 1066 jaciabant,
1214 1007 1281 1055 illi
1313 1007 1587 1072 exprobra-

305 1058 426 1108 bant
458 1060 537 1112 sua
569 1065 766 1130 quisque
799 1069 912 1117 belli
949 1073 1116 1120 merita
1144 1076 1476 1142 cicatricesque
1511 1094 1589 1124 ac-

303 1142 489 1194 ceptas·
539 1129 844 1184 Postulabant
866 1174 880 1196 ‚
919 1152 970 1186 ut
1009 1140 1208 1190 referret
1236 1143 1296 1191 ad
1327 1143 1540 1192 senatum
1567 1181 1583 1204 ‚

305 1208 360 1243 ut
398 1198 573 1248 auxilio
611 1200 725 1251 esset
757 1204 919 1253 consul
949 1208 1127 1256 civibus
1163 1209 1250 1258 suis
1273 1248 1287 1271 ,
1318 1214 1583 1277 imperator

306 1262 554 1315 militibus.
591 1267 866 1320 Movebant
905 1273 1146 1337 consulem
1170 1278 1268 1325 haec
1292 1316 1306 1338 ‚
1339 1278 1418 1327 sed
1441 1281 1587 1345 tergi-

303 1330 482 1379 versari
531 1351 606 1382 res
642 1339 886 1403 cogebat:
923 1342 1046 1391 adeo
1083 1345 1131 1391 in
1168 1346 1366 1394 alteram
1398 1346 1584 1394 causam

303 1414 406 1446 non
428 1400 617 1468 collega
637 1403 788 1453 solum
817 1425 1031 1475 praeceps
1051 1412 1167 1460 ierat
1184 1450 1198 1471 ,
1232 1412 1311 1461 sed
1333 1416 1487 1463 omnis
1507 1414 1590 1462 fa-

304 1464 401 1514 ξὶὶο
429 1469 694 1531 nobilium3
718 1475 784 1521 ita
799 1475 1011 1525 medium
1032 1477 1076 1526 se
1095 1480 1311 1545 gerendo
1332 1519 1345 1542 ,
1371 1499 1459 1530 nec
1479 1481 1587 1547 ple·

302 1533 378 1582 bis
411 1537 580 1585 vitavit
626 1540 789 1589 odium
819 1580 832 1602 ,
883 1561 971 1592 nec
1008 1548 1134 1610 apud
1176 1547 1337 1597 Patres
1383 1551 1583 1616 gratiam

303 1602 425 1652 iniit.
472 1602 632 1654 Patres
673 1610 874 1658 mollem
924 1614 1168 1662 consulem
1211 1617 1322 1680 &9
1353 1617 1581 1666 ambitio-

302 1668 405 1720 sum
438 1673 559 1731 rati3
593 1674 762 1741 plebes
798 1677 1015 1729 fallacem
1048 1699 1062 1741 ;
1098 1683 1329 1750 brevique
1362 1687 1581 1751 apparuit

311 1753 332 1785 1
368 1739 569 1806 aequasse
606 1761 716 1792 eum
744 1745 894 1813 Appii
930 1750 1114 1798 odium.
1157 1749 1420 1801 Certamen
1455 1770 1581 1802 con-

302 1803 479 1857 sulibus
517 1811 747 1861 inciderat
781 1851 797 1875 ‚
844 1829 948 1864 uter
995 1834 1021 1864 2
1069 1818 1314 1868 dedicaret
1352 1820 1586 1870 Mercurii

305 1874 481 1924 aedem.
515 1876 715 1929 Senatus
748 1898 774 1928 a
810 1881 855 1931 se
880 1901 984 1933 rem
1018 1887 1078 1934 ad
1106 1888 1343 1952 populum
1375 1886 1542 1952 rejecit
1568 1905 1582 1938 ι

304 1944 399 1990 utri
429 1961 599 1993 eorum
643 1947 880 1998 dedicatio
927 1951 1044 2017 juffu
1078 1955 1246 2019 populi
1279 1956 1389 2004 data
1431 1955 1583 2018 esset,

256 2053 260 2055 .
306 2025 420 2058 eum
454 2013 647 2078 praeesse
687 2035 923 2079 annonae,
966 2036 1288 2071 mercatorum
1324 2023 1585 2090 collegium

306 2076 549 2129 instituere
576 2120 589 2142 ‚
632 2099 653 2148 3
686 2083 900 2134 solennia
930 2104 1021 2151 pro
1042 2088 1268 2154 pontifice
1293 2088 1418 2154 juffit
1445 2090 1586 2140 susci-¹

304 2162 438 2210 pere.
482 2147 692 2216 Populus
719 2153 1073 2205 dedicationem
1097 2159 1212 2206 aedis
1246 2158 1327 2208 dat
1361 2158 1438 2208 Μ.
1467 2158 1583 2209 Lae-

368 2280 395 2321 9
427 2272 683 2327 Ambitiosum
711 2279 726 2331 ]
775 2277 909 2319 Aucu-
973 2282 1122 2336 aedem]
1147 2282 1278 2336 Hujus
1309 2283 1578 2326 dedicationis

306 2331 427 2385 pandi
497 2333 645 2377 favoris
706 2342 909 2393 popularis
973 2342 1125 2383 mentio
1153 2343 1229 2396 jam
1254 2345 1352 2384 fasta
1384 2345 1437 2384 est
1464 2346 1591 2398 supra*

307 2392 512 2446 cupidum.
974 2418 1012 2444 c.
1036 2416 1106 2452 21,
1125 2404 1188 2444 sed
1207 2403 1271 2445 hic
1292 2420 1437 2459 nempe
1460 2405 1579 2447 fusius

376 2466 393 2494 1
429 2456 616 2511 AEquaffe
650 2458 771 2508 eum]
810 2462 909 2502 Eum
974 2477 1156 2506 narratur
1181 2467 1221 2506 id
1251 2467 1356 2520 quod
1389 2467 1470 2507 illic
1496 2481 1580 2507 uno

307 2526 390 2555 non
434 2515 561 2558 mimis
613 2518 778 2560 invisum
830 2523 907 2564 effe
971 2525 1123 2568 tantum
1177 2529 1303 2568 verbo
1360 2527 1578 2569 indicatum

306 2578 460 2631 populo
477 2606 489 2622 ,
523 2581 636 2631 quam
663 2580 853 2635 Appium.
972 2588 1119 2628 fuerat.

368 2650 395 2681 2
447 2639 671 2686 Dedicatet
714 2642 909 2688 Mercurii
1020 2648 1241 2701 3Solenm'a
1247 2665 1323 2707 pro
1333 2649 1577 2709 pontifice-06
