1653 3078
412 86 457 141 L
503 99 524 140 1
570 101 605 141 Β
652 103 686 142 E
730 105 767 144 R
862 90 884 144 Ι
921 91 960 147 1.
1206 111 1317 174 151'

42 168 133 225 per
162 160 282 210 latus
312 166 545 214 occiderit
587 164 859 215 Mamilium
900 206 916 228 ‚
970 171 1020 218 &
1057 172 1152 238 ipse
1192 180 1314 229 inter

45 226 348 292 spoliandum
391 250 565 297 corpus
615 234 760 282 hostis
813 251 983 286 veruto
1029 243 1264 304 percussus
1298 261 1315 308 ,'

32 311 190 360 ‘quum
226 297 375 347 vietor
403 302 450 347 in
487 298 632 348 castra
668 301 784 350 esset
808 305 981 352 relatus
1006 342 1019 363 ‚
1055 310 1180 357 inter
1215 316 1314 377 pria-

45 379 175 410 mam
207 368 504 418 curationem
535 368 857 433 exspiraverit.
891 371 1020 420 Tum
1044 375 1103 422 ad
1131 381 1315 443 equites

36 424 244 479 ‘dictator
275 434 504 495 advolat,
530 436 769 485 obtestans
789 453 840 486 ut
856 437 973 488 feffo
994 438 1090 504 jam
1122 446 1313 509 pedite,

5 529 13 541 ,
45 509 78 555 4
111 498 399 549 descendant
430 520 488 551 ex
519 505 650 568 equis
672 507 773 562 s&
806 523 1016 572 pugnam
1058 511 1315 577 capeffant.

34 560 194 614 'Dicto
223 586 419 633 paruere
453 588 464 617 ε
511 570 729 619 desiliunt
760 591 819 620 ex
850 576 1008 639 equis,
1050 581 1315 642 provolant

42 631 90 678 in
117 636 324 696 primum
349 675 363 695 ‚
394 638 446 684 ὃ(
469 656 557 702 pro
588 654 607 702 5
641 639 955 705 antesignanis
977 662 1164 707 parmas
1185 648 1316 714 obji-

45 700 189 749 ciunt.
210 702 403 769 Recipit
419 706 665 770 extemplo
681 709 892 756 animum
913 711 1141 775 pedestris
1158 719 1313 779 acies,

43 766 295 834 postquam
340 770 599 835 juventutis
647 793 871 840 proceres
910 795 1096 845 aequato
1137 801 1313 850 genere

45 851 222 902 pugnae
240 837 399 891 secum
434 855 617 905 partem
648 844 842 907 periculi
877 844 1154 898 sustinentes
1180 853 1315 903 vidit.

42 900 174 961 Tum
201 905 396 955 demum
422 907 604 973 impulsi
623 907 809 969 Latini,
844 915 1152 983 perculsaque
1173 921 1317 970 incli-

43 974 177 1019 navit
211 976 352 1023 acies.
391 975 637 1041 Equitibus
674 978 859 1028 admoti
886 985 996 1049 equi
1018 1021 1032 1042 ‚
1067 1002 1118 1034 ut
1151 988 1316 1053 perse-

45 1040 126 1104 qui
152 1039 338 1090 hostem
374 1043 596 1107 p‘offent3
634 1043 792 1094 secuta
823 1047 875 1095 ὃ(
903 1051 1130 1114 pedestris
1171 1059 1315 1106 acies.

42 1103 115 1155 Ibi
134 1108 247 1156 nihil
274 1127 362 1158 nec
382 1111 555 1162 divinae
574 1150 588 1171 ‚
622 1130 711 1161 nec
736 1115 953 1165 humanae
983 1121 1089 1184 opis
1113 1121 1315 1174 dictator

41 1177 409 1240 praetermittens
439 1216 453 1239 ,
489 1180 643 1228 aedem
684 1179 870 1231 Castori
901 1186 1081 1236 vovisse
1116 1188 1263 1240 fertur
1294 1210 1313 1254 ;

42 1259 99 1289 ac
120 1244 442 1308 pronuntiasse
464 1248 598 1295 militi
626 1252 818 1314 praetnia
836 1287 851 1309 ,
884 1255 964 1318 qui
986 1257 1164 1320 primus
1184 1297 1198 1319 ‚
1231 1262 1314 1326 qui

25 1309 273 1361 *secundus
318 1312 462 1363 castra
511 1313 712 1365 hostium
760 1320 967 1371 intrasset
997 1340 1012 1382 ;
1060 1326 1316 1392 tantusque

43 1378 189 1427 ardor
219 1378 343 1441 fuit,
375 1398 426 1431 ut
461 1383 640 1432 eodem
674 1387 857 1452 impetu
890 1427 903 1449 ‚
950 1407 1047 1455 quo
1090 1391 1312 1445 fuderant

43 1445 263 1507 hostem,
301 1449 512 1499 Romani
543 1451 685 1501 castra
727 1471 972 1520 caperent.
1015 1459 1127 1508 Hoc
1159 1465 1313 1514 modo

43 1513 106 1562 ad
137 1515 292 1565 lacum
326 1517 567 1585 Regillum
600 1538 862 1588 pugnatum
888 1523 970 1574 est.
1008 1525 1232 1578 Difitator
1263 1533 1313 1580 δε

43 1598 121 1638 ma
159 1582 262 1633 ister
278 1588 486 1651 equitum
503 1590 848 1655 triumphantes
865 1592 911 1640 in
926 1593 1094 1643 urbem
1112 1599 1312 1651 rediere.

166 1651 254 1702 XI.
285 1652 524 1709 ‚Triennio
563 1656 736 1707 deinde
774 1677 864 1708 nec
897 1677 1024 1711 certa
1054 1683 1147 1730 pax
1172 1705 1186 1728 ,
1222 1685 1311 1720 nec
1329 1664 1363 1695 ³·

43 1716 222 1768 bellurn
239 1720 342 1771 fuit.
366 1721 599 1772 Consules
621 1727 650 1786 †
673 1725 747 1791 Q.
768 1727 971 1778 Cloelius
992 1732 1042 1780 ὅ(
1064 1733 1093 1782 6
1117 1733 1179 1785 Τ.
1196 1734 1311 1785 Lar-

1331 197 1527 250 U.c.255{

1332 263 1518 307 {hb-497³

43 1787 154 1837 tius.
173 1785 290 1837 Inde
311 1791 333 1813 '⁵
355 1789 419 1841 A.
434 1790 748 1860 Sempronius
769 1796 821 1845 &
848 1796 923 1847 Μ.
943 1798 1173 1852 Minutius
1194 1822 1208 1864 3
1239 1806 1310 1856 his
1330 1848 1363 1862 ι,
1389 1822 1402 1831 “
1463 1801 1476 1811 ’

108 1897 136 1934 4
153 1883 410 1939 Descendunt
434 1903 485 1929 ex
508 1890 641 1944 equis]

47 1944 158 1998 Quid
206 1949 326 2002 igitur
368 1961 464 1991 tunc
503 1954 646 2006 agebat

45 2008 248 2060 equitatus
277 2010 508 2054 Latinorum
533 2012 647 2053 .>Re-

49 2068 110 2109 ἃὲ
143 2070 326 2112 observat
365 2074 544 2115 Clericus
576 2077 648 2116 mi-

48 2132 134 2170 tum
166 2132 294 2173 videri
336 2134 511 2183 debere,
540 2139 647 2190 quod

47 2192 181 2233 multis
215 2195 360 2249 pugnis
388 2197 523 2238 Livius
542 2199 647 2238 facti—

49 2261 175 2292 tatum
192 2268 383 2298 memorat
397 2286 408 2306 ,
428 2270 471 2299 ut
488 2260 647 2313 equites

48 2312 217 2354 Romani
263 2318 552 2361 descenderent
597 2336 648 2363 ex

6 2388 10 2393 ·
49 2375 160 2428 equis
181 2390 193 2416 ε
214 2377 314 2430 quali
333 2380 478 2421 hostilis
497 2384 646 2437 equita-

49 2444 113 2476 tus
140 2448 208 2478 aut
251 2441 381 2481 nullus
415 2442 511 2483 effet
533 2472 543 2490 ‚
579 2457 648 2487 aut

49 2505 216 2552 torpore
245 2503 416 2554 quodam
447 2504 615 2552 defixus.

114 2572 132 2609 5
157 2561 430 2619 Antefignam's
452 2565 468 2618 ]
490 2568 648 2620 Antest-

45 2626 166 2678 gnani
185 2623 211 2667 ii
228 2623 315 2665 sunt:
349 2627 415 2683 qui
434 2639 526 2670 ante
543 2627 648 2688 figna

708 1893 748 1931 in
788 1892 874 1933 acie
916 1895 1118 1938 locantur.
1167 1897 1318 1943 Probat

710 1953 892 2007 Lipsius,
927 1956 954 1995 l.
1003 1957 1064 1999 1V
1101 1958 1151 1999 de
1188 1962 1316 2005 Milit.

710 2016 829 2073 Rom.
860 2017 969 2057 Dial.
1003 2029 1027 2069 ,3
1047 2046 1058 2066 ,
1092 2022 1318 2079 antesigna-

711 2092 852 2118 norum
883 2080 1043 2119 nomine
1060 2081 1229 2141 intelligi
1249 2098 1317 2127 to-

711 2149 789 2179 tam
824 2141 985 2193 primaru
1029 2143 1155 2183 aciem
1181 2175 1193 2193 ,
1234 2146 1316 2189 five

711 2200 900 2242 Hastatos
933 2203 1137 2257 legionum
1170 2221 1181 2247 :
1231 2223 1315 2250 non

711 2262 816 2315 quod
850 2263 875 2303 ii
908 2276 1001 2304 ante
1044 2267 1174 2307 omnia
1205 2264 1342 2324 signa*

711 2323 835 2364 effent
852 2357 863 2374 ‚
880 2324 1068 2378 siquidem
1085 2328 1149 2368 sua
1166 2331 1316 2372 habue-

710 2399 753 2425 re
773 2400 785 2432 3
809 2386 874 2426 sed
891 2387 979 2440 quia
998 2399 1091 2428 ante
1113 2393 1314 2445 praecipua

710 2447 912 2502 legionum
923 2447 1044 2503 ligna,
1057 2451 1314 2508 quaelongitis

710 2509 758 2548 ab
776 2510 884 2549 hoste
904 2514 1230 2554 removebantur.

773 2569 798 2610 6
833 2571 881 2612 T.
917 2571 1074 2612 Lartius
1092 2574 1107 2625 ]
1142 2574 1221 2613 Hic
1252 2574 1312 2626 div

711 2631 839 2675 &tator
886 2633 967 2675 hoc
1011 2648 1116 2676 anno
1162 2635 1313 2691 primus
