1652 3083
107 404 248 445 genter
318 395 680 449 extraordinarii
703 408 918 471 imperii,
939 427 1019 461 aut
1038 418 1193 466 auxilii
1213 421 1444 486 quaefivit.
1463 422 1583 471 Tri-

106 466 276 505 paratur
317 455 468 522 buni,
511 481 717 530 quorum
756 478 1029 532 temeritate
1064 483 1248 534 bellum
1286 490 1583 540 contraGlum

109 512 257 581 {ellum
316 539 451 587 erat,
493 529 686 584 summae
722 555 883 591 rerum
910 562 1148 609 praeerant
1184 570 1195 602 :
1247 554 1582 625 delefiumque

108 585 151 614 ¹¹²
181 574 284 620 Gal·
314 593 462 644 nihilo
481 606 825 657 accuratiorem
846 611 992 677 quam
1007 617 1068 665 ad
1089 621 1250 671 media
1268 624 1398 674 bella
1417 627 1582 676 haberi

106 633 188 681 ιω·
315 657 476 712 solitus
508 683 642 728 erat,
681 688 993 730 extenuantes
1030 688 1177 736 etiam
1211 688 1389 742 famam
1427 695 1543 744 helii
1565 733 1580 754 ‚

310 727 570 782 habebant.
617 735 816 792 Interim
854 745 1017 811 Galli,
1053 754 1306 822 postquam
1345 779 1579 828 accepere

315 811 343 842 2.
367 798 493 848 ultro
518 802 758 856 honorem
780 811 997 866 habitum
1016 822 1330 877 violatoribus
1357 828 1470 894 juris
1492 832 1580 879 hu·

310 867 483 927 mani,
526 871 799 943 elusamque
829 880 959 934 suam
995 887 1287 955 legationem
1324 896 1450 959 effe,
1483 900 1578 947 ssa·-

310 946 503 995 grantes
538 938 636 1002 ira,
676 944 809 1009 cujus
840 951 1085 1018 impotens
1119 958 1185 1008 est
1216 979 1332 1028 gens
1353 1003 1368 1027 ‚
1404 967 1578 1016 confe-

308 998 414 1048 stim
435 1001 574 1070 signis
593 1014 862 1078 convulsa,
898 1021 1045 1072 citato
1073 1030 1262 1093 agmine
1290 1033 1382 1082 iter
1409 1036 1575 1102 ingre-

126 1057 292 1128 Ronffam
306 1064 516 1121 (liuntur.
570 1075 654 1125 Ad
702 1099 908 1147 quorum
961 1100 1352 1155 praetereuntium
1400 1106 1573 1168 raptim

304 1139 565 1189 tumultum
602 1162 748 1211 quum
786 1157 1022 1206 exterritae
1051 1163 1192 1212 urbes
1225 1167 1285 1214 ad
1309 1187 1439 1218 arma
1458 1189 1574 1220 con-

93 1241 123 1278 A
244 1205 257 1214 “
303 1219 586 1271 currerent,
630 1212 839 1283 fugaque
874 1225 1125 1290 agrestium
1159 1230 1330 1297 fieret,
1359 1236 1572 1289 Romam

121 1256 208 1288 “²²²⁸
296 1268 344 1319 se
367 1274 434 1322 ire
453 1312 468 1333 ‚
504 1295 683 1346 magno
708 1285 921 1339 clamore
951 1291 1312 1364 significabant3
1355 1323 1571 1371 quacun-

296 1355 392 1404 que
424 1341 595 1405 ibant,
627 1354 765 1417 equis
808 1357 1011 1424 virisque
1053 1364 1199 1433 longe
1235 1387 1290 1420 ac
1329 1372 1422 1422 late
1461 1376 1567 1426 fuso

292 1409 486 1473 agmine
518 1414 804 1470 immensum
833 1425 1111 1481 obtinentes
1143 1436 1254 1486 loci.
1299 1437 1395 1490 Sed
1422 1458 1566 1493 ante-

293 1474 500 1528 cedente
526 1480 656 1532 fama
683 1524 700 1546 ‚
749 1494 1017 1562 nuntiisque
1048 1498 1355 1555 Clusinorum
1382 1547 1395 1568 ,
1425 1510 1566 1560 dein-

291 1557 408 1607 ceps
438 1547 551 1598 inde
591 1552 792 1605 aliorum
825 1565 1121 1628 populorum
1142 1607 1156 1630 ,
1190 1573 1447 1637 plurimum
1472 1595 1565 1628 ter-

289 1612 410 1659 roris
450 1613 663 1668 Romam
707 1625 925 1678 celeritas
961 1632 1167 1685 hostium
1206 1641 1347 1692 tulit:
1381 1648 1561 1711 quippe

288 1679 463 1742 quibus
498 1721 514 1744 ‚
577 1688 712 1738 velut
758 1698 1068 1752 tumultuario
1120 1711 1334 1758 exercitu
1386 1717 1559 1778 raptim

287 1744 433 1795 duGto
458 1788 472 1809 ‚
509 1770 633 1820 aegre
657 1757 715 1806 ad
737 1763 1046 1818 undecimum
1072 1771 1282 1839 lapidem
1311 1782 1559 1832 occursum

288 1811 394 1873 est,
444 1820 538 1883 qua
579 1823 760 1876 flumen
794 1829 922 1882 Allia
963 1837 1274 1892 Crustuminis
1311 1852 1560 1902 montibus

284 1884 485 1945 praealto
530 1887 745 1943 defluens
785 1900 927 1951 alveo
960 1943 976 1964 ‚
1022 1906 1149 1956 haud
1194 1913 1397 1963 multum
1437 1918 1557 1969 infra

235 1991 237 1994 Α
282 1949 414 1998 viam
439 1950 673 2009 Tiberino
695 1968 823 2013 amni
849 1970 1083 2024 miscetur.
1115 1976 1221 2026 Jam
1244 1985 1408 2031 omnia
1428 2002 1556 2034 con-

282 2014 356 2065 tra
394 2020 615 2090 circaque
658 2028 860 2083 hostium
894 2039 1037 2104 plena
1074 2059 1208 2094 erant
1229 2085 1244 2108 ,
1289 2050 1341 2097 ὃς
1372 2068 1477 2102 nata
1506 2058 1554 2104 in

278 2100 434 2135 vanos
455 2094 683 2146 tumultus
712 2116 830 2165 gens
849 2140 862 2162 ,
894 2111 1012 2158 truci
1037 2128 1178 2163 cantu
1199 2151 1214 2174 ‚
1251 2117 1553 2171 clamoribus-

97 2168 376 2219 Vincuntque
392 2159 534 2205 variis
552 2197 566 2218 ,
583 2161 829 2219 horrendo
847 2175 1010 2225 cun&a
1026 2182 1393 2246 compleverant
1410 2187 1550 2239 sono.

0 2268 7 2272 s
79 2239 228 2280 Roma-
354 2219 640 2280 XXXVIII.
691 2232 765 2284 Ibi
799 2240 975 2292 tribuni
1012 2248 1213 2298 militum
1243 2290 1259 2312 ‚
1308 2271 1406 2302 non
1439 2257 1552 2309 loco

77 2315 149 2340 nos
182 2303 236 2341 ad
281 2287 438 2339 castris
459 2295 569 2344 ὃηῑὲ
589 2315 732 2365 capto
751 2340 767 2362 ‚
804 2324 904 2357 non
934 2311 1136 2364 deorum
1158 2317 1322 2369 saltem
1341 2359 1356 2382 ‚
1389 2321 1421 2370 s1
1448 2343 1551 2376 non

75 2361 247 2405 Alliam.
276 2354 529 2410 hominum
546 2400 559 2422 ‚
577 2382 822 2422 memores
839 2412 853 2435 ,
873 2394 962 2428 nec
982 2382 1223 2450 auspicato
1242 2424 1258 2448 ,
1279 2405 1367 2437 nec
1382 2391 1548 2456 litato,

339 2463 365 2490 2
403 2453 525 2496 Ultro
556 2460 737 2504 honorem
767 2467 878 2508 habi·
943 2475 1007 2526 qui
1032 2476 1321 2534 violaffentjus
1342 2485 1390 2524 ad
1418 2496 1544 2529 totam
