1653 3078
498 134 542 188 L
590 147 609 185 1
656 145 690 185 B
738 148 772 186 E
819 148 854 187 R
952 136 992 187 Ι.
1263 151 1372 205 107

97 226 243 271 vere3
274 227 336 261 eo
362 214 512 278 magis
536 211 690 258 Fabio
712 248 725 270 ,
755 225 1071 275 praeterquam
1098 211 1228 275 qubcl
1252 216 1376 261 anti-³

24 329 26 331 ,
96 283 237 346 quior
256 278 321 328 est
339 317 352 340 ‚
374 280 658 328 crediderim
675 279 988 344 quadraginta
1006 293 1061 325 ea
1078 276 1175 324 sola
1195 280 1375 329 talenta

32 359 39 362 “
96 346 228 396 fuisse
249 385 263 405 ,
299 347 444 413 quam
472 363 502 407 7
532 345 717 404 Pisoni,
744 347 826 413 qui
846 346 877 394 8
897 345 1208 411 quadraginta
1227 347 1375 396 millia

95 415 265 480 pondo
286 418 469 481 argenti
488 413 751 479 sepofitain
773 430 879 462 eam
900 429 1000 461 rem
1025 410 1184 460 scribit
1205 428 1220 471 3
1253 415 1377 460 sum-

98 499 226 529 mam
244 485 462 544 pecuniae
480 521 495 542 ,
524 497 680 547 neque
704 498 763 530 ex
787 481 923 529 unius
946 494 1047 528 tum
1068 480 1193 528 urbis
1214 481 1377 544 praeda

98 549 382 615 sperandam
409 589 422 610 ‚
460 550 510 598 δὲ
548 565 577 614 9
608 549 779 597 nullius
808 586 824 608 ‚
866 564 927 596 ne
965 547 1135 596 horum
1177 548 1377 614 quidem

98 616 466 683 magnificentiae
500 633 706 682 operum
737 615 1052 664 fundamenta
1089 632 1189 663 non
1232 615 1377 663 exsu-

99 700 389 750 peraturam.
419 684 634 733 Intentus
659 683 955 749 perficiendo
979 683 1165 748 templo
1186 720 1200 741 ‚
1233 681 1379 732 fabris

101 752 314 818 undique
345 769 402 800 ex
424 751 608 800 Etruria
643 752 803 799 accitis
823 789 837 807 ‚
870 769 968 799 non
994 751 1200 816 pecunia
1223 751 1378 800 solum

101 820 162 868 ad
201 821 248 867 id
287 820 483 885 publica
517 819 582 868 est
617 817 722 867 usus
753 857 766 878 ‚
816 818 897 866 sed
941 821 1100 884 operis
1133 820 1279 867 etiam
1317 837 1379 868 ex

102 887 285 952 plebe3
329 889 407 953 qui
439 905 585 954 quum
613 887 738 934 haud
774 904 947 951 parvus
976 887 1028 934 &
1061 886 1158 952 ipse
1199 887 1380 937 militiae

102 955 360 1004 adderetur
393 956 531 1003 labor
552 993 565 1013 ,
593 956 747 1002 minus
774 970 934 1003 tamen
971 955 1109 1020 plebs
1147 956 1382 1021 gravaba-

102 1037 178 1071 tur
197 1061 211 1082 ‚
248 1022 294 1071 se
325 1023 507 1088 templa
531 1021 674 1070 deum
699 1021 998 1071 exaedificare
1018 1023 1234 1071 manibus
1253 1023 1380 1083 suis;

103 1108 207 1156 quae
231 1089 428 1156 posthac
466 1090 519 1138 &
547 1091 607 1138 ad
636 1091 725 1137 alia
746 1128 760 1149 ‚
802 1106 852 1139 ut
880 1089 1035 1155 specie
1067 1094 1252 1139 minora
1271 1130 1285 1151 ‚
1312 1091 1377 1141 fic

101 1158 279 1206 laboris
303 1158 546 1224 aliquanto
573 1157 768 1221 majoris
785 1195 798 1217 ,
829 1158 1166 1206 traducebatur
1190 1177 1339 1225 opera
1358 1197 1373 1220 ,

110 1242 130 1273 1
162 1224 296 1274 foros
326 1226 375 1274 in
405 1228 533 1274 circo
565 1224 843 1283 faciendos,
877 1226 1188 1292 cloacamque
1221 1229 1374 1276 maxi·
1394 1283 1404 1293 ⁶
1449 1224 1546 1265 Fori

103 1311 233 1342 mam
260 1331 274 1353 ,
308 1295 665 1359 receptaculum
696 1295 913 1342 omnium
948 1309 1375 1361 purgamentorum
1390 1300 1429 1325 Μ
1446 1288 1581 1328 circo.-

105 1361 232 1410 urbis
264 1398 278 1419 ‚
318 1360 400 1408 sub
440 1376 611 1420 terram
653 1361 890 1427 agendam
924 1379 934 1407 τ
979 1363 1149 1428 quibus
1187 1363 1375 1412 duobus
1394 1347 1533 1417 ⁶3⁰³&

107 1430 332 1494 operibus
357 1430 438 1476 vix
468 1447 595 1477 nova
621 1429 718 1477 haec
747 1427 1102 1495 magnificentia
1123 1433 1381 1497 quicquam
1395 1424 1583 1452 mamma.

106 1496 357 1563 adaequare
389 1498 563 1562 potuit.
596 1496 684 1546 His
709 1498 953 1546 laboribus
972 1498 1184 1547 exercita
1208 1499 1382 1565 plebe,

109 1620 194 1662 liari
227 1621 411 1676 possunt,
439 1621 464 1661 si
490 1636 577 1661 cum
606 1621 714 1661 Dio·
776 1621 864 1662 rino
898 1633 1071 1663 vocatur
1114 1622 1205 1664 Piso
1240 1624 1385 1667 censo-

109 1682 220 1738 nyfio
262 1671 454 1723 dicamus⁹
485 1683 609 1723 solum
655 1683 712 1723 su·

110 1744 370 1798 perstruendo
415 1746 528 1797 operi
580 1759 712 1798 aequa-

108 1816 220 1852 tum,
263 1807 304 1846 &
336 1805 536 1846 exstruclis
560 1808 713 1860 aggeri·

111 1867 184 1907 bus
215 1868 506 1920 complanatum
543 1866 653 1907 fuilse
690 1883 712 1908 a

113 1927 284 1975 Prisc03
312 1929 568 1968 fundamenta
597 1928 713 1981 ipfius

111 1988 265 2029 aedificii
298 1988 396 2040 infla
421 2004 442 2028 a
469 1990 670 2042 Superbo.

119 2097 122 2100 y
173 2065 197 2102 7
220 2047 382 2103 Pisoni]
403 2051 449 2091 L.
472 2051 714 2105 Calpurnius

112 2110 200 2152 Piso
232 2113 352 2167 Frugi
373 2113 531 2167 reliquit
552 2114 713 2154 annales

113 2172 274 2212 exiliter
307 2171 478 2228 scn'ptos
520 2206 532 2225 ,
588 2175 715 2228 inquit

111 2234 264 2274 Cicero
282 2234 322 2274 in
343 2235 469 2275 Bruto
487 2264 499 2284 ,
533 2251 573 2277 n.
617 2236 714 2277 106.

113 2294 317 2337 Tribunus
348 2297 475 2349 plebis
513 2308 599 2337 erat
638 2298 717 2352 pri·

115 2369 181 2396 mo
209 2371 314 2396 anno
339 2359 450 2398 tertii
477 2357 616 2399 Punici
635 2360 717 2399 bel-

115 2417 143 2457 li
164 2445 176 2464 ‚
206 2416 304 2458 teste
321 2418 464 2459 eodem
491 2420 585 2461 ibid.
610 2421 720 2462 Con·

115 2477 173 2518 sul
203 2478 277 2518 fuit
320 2493 424 2519 anno
455 2496 496 2522 u.
529 2496 566 2522 c.
612 2485 717 2534 619.

116 2538 338 2580 censuram
368 2541 452 2594 post
473 2543 626 2597 aliquot
654 2558 721 2584 an·

70 2646 74 2648 Ἴ
115 2615 191 2641 nos
227 2601 337 2656 geffit
357 2631 368 2650 ‚
399 2604 504 2644 unde
536 2591 664 2659 pallini
700 2620 722 2646 a

33 2718 39 2726 .
119 2662 317 2720 Dionysio
336 2692 349 2713 ,
380 2664 539 2719 Plinio,
572 2666 724 2710 Censo-

775 1698 873 1726 rius,

843 1745 866 1785 8
905 1744 1179 1803 Quadraginta
1213 1746 1382 1802 millia]

777 1805 1029 1862 Quadragies
1095 1808 1206 1848 mille
1262 1809 1385 1851 libras

776 1868 978 1908 Romanas
998 1869 1179 1923 argenti,
1198 1885 1284 1924 quae
1301 1869 1386 1911 effi·

777 1931 885 1970 ciunt
944 1944 1096 1970 marcas
1149 1930 1385 1974 Parifienses

779 1994 942 2039 62500.

839 2065 863 2104 9
887 2051 1051 2093 Nullius
1086 2053 1103 2107 ]
1148 2053 1352 2106 Maiorem
1371 2082 1384 2103 ,

778 2119 892 2168 quam
927 2125 969 2154 ut
1000 2114 1304 2167 impenderetur
1345 2117 1386 2157 in

779 2178 857 2216 ulla
909 2175 1167 2216 fundamenta
1196 2209 1208 2228 ‚
1252 2177 1387 2231 cujus-

782 2251 951 2291 cumque
970 2239 1129 2278 tandem
1148 2237 1221 2278 sint
1239 2241 1389 2295 magni-

780 2298 979 2346 ficentiae,
1003 2314 1054 2340 ne
1083 2298 1108 2339 fi
1139 2300 1274 2340 forent
1304 2302 1389 2354 qui·

783 2360 871 2399 dem
914 2359 1001 2413 ejus
1037 2360 1341 2415 magnificentiae
1372 2388 1386 2409 ,

783 2436 899 2476 quam
918 2422 957 2462 in
980 2423 1184 2463 hodiernis
1210 2422 1390 2464 aedificiis

784 2483 1065 2536 conspicimus.

851 2557 866 2585 1
891 2545 1048 2599 Foros]
1071 2544 1216 2586 Sedilia
1232 2572 1244 2591 ,
1266 2558 1288 2585 e
1306 2543 1390 2599 qui·

782 2607 856 2646 bus
874 2607 957 2646 ludi
977 2607 1266 2660 spectarentur.
1291 2606 1391 2653 Vid-

785 2667 927 2722 supra,
955 2683 991 2711 c.
1026 2678 1116 2732 35..

1002 2723 1052 2775 G
1086 2726 1119 2792 i]
