1704 3073
301 95 418 172 236
582 97 1285 177 T1T1L1vrr

96 193 388 245 U.c.291,per
416 179 583 246 ignota
619 188 774 252 capita
803 188 899 239 late
936 211 1140 263 evagata
1173 199 1240 248 est
1280 201 1352 251 vis
1380 205 1575 257 morbi?

87 245 531 314 a.C.461.inopsque
566 250 751 304 senatus
779 259 937 308 auxilii
964 262 1190 327 humani,
1227 269 1287 317 ad
1320 270 1438 320 deos
1467 293 1570 339 po-

295 313 462 377 pulum
488 335 542 366 ac
578 337 697 371 vota
725 327 902 385 vertit3
931 326 1042 393 Juffi·
1063 351 1173 381 curn
1203 336 1491 405 conjugibus
1513 361 1571 393 ae

292 380 454 433 liberis
487 385 801 454 supplicatum
835 394 903 442 ire
930 433 944 454 ‚
993 416 1263 469 pacemque
1308 409 1572 472 exposcere
1645 455 1648 456 γ
1690 409 1693 417 ’

292 448 457 501 defim.
492 452 574 501 Ad
609 456 657 503 id
689 458 820 523 quod
850 461 929 510 sua
964 481 1206 535 quemque
1240 474 1365 521 mala
1414 494 1571 543 coge-

288 516 441 581 bant,
477 521 754 574 aucioritate
793 529 982 592 publica
1015 540 1241 597 evocati,
1273 544 1437 591 omnia
1472 546 1567 596 de-

285 583 424 635 lubra
462 589 667 655 implent
698 610 713 652 3
756 592 906 644 stratae
945 599 1111 664 paffim
1153 620 1330 656 matres
1360 612 1567 663 crinibus

287 655 753 720 templarverrentes
772 698 786 721 ‚
828 667 1023 717 veniam
1054 670 1230 722 irarum
1270 676 1530 729 coelestium
1550 719 1568 743 9

283 719 532 787 finemque
568 725 685 790 pesti
719 730 1000 794 exposcunt.

354 788 495 839 VIII.
531 791 651 843 Inde
686 798 946 862 paulatim,
980 803 1059 854 seu
1083 822 1204 872 pace
1231 809 1375 860 deum
1409 815 1565 882 impe·

282 856 436 919 trata,
470 858 551 908 seu
585 865 810 928 graviore
838 882 1064 936 tempore
1098 879 1208 925 anni
1231 876 1326 942 jam
1353 883 1561 932 circum-

279 920 390 974 'acio
419 963 434 987 ,
477 927 701 980 defuncla
734 936 914 985 morbis
944 957 1151 1007 corpora
1182 946 1439 1012 salubriora
1464 951 1561 1003 effe
1618 1005 1624 1009 ,

277 991 497 1060 incipere
530 1014 542 1046 :
589 999 828 1068 verfisque
871 1007 1038 1057 animis
1079 1008 1177 1075 jam
1217 1014 1278 1062 ad
1313 1018 1560 1081 publicam

279 1077 445 1110 curam
477 1101 492 1125 ,
534 1083 682 1132 quum
717 1072 900 1137 aliquot
938 1073 968 1124 6
1005 1078 1278 1148 interregna
1307 1084 1506 1136 exiffent
1539 1127 1557 1151 ‚

223 1176 246 1204 2
279 1127 336 1179 P.
370 1129 593 1184 Valerius
620 1135 898 1200 Publicola,
935 1147 1079 1195 tertio
1119 1148 1196 1198 die
1228 1150 1372 1217 quam
1410 1155 1558 1206 inter-

2 1187 6 1191 ’
70 1166 261 1270 ξὲζὲο
281 1213 485 1265 regnum
519 1203 722 1267 inierat,
761 1209 979 1260 consules
1019 1231 1148 1264 creat
1181 1217 1240 1267 L.
1278 1219 1554 1274 Lucterium

117 1279 166 1319 L,
189 1280 263 1321 Lu.
278 1264 620 1333 Tricipitinum
641 1310 656 1333 ‚
690 1274 742 1323 ὃ(
762 1274 824 1326 Τ.
846 1277 1103 1332 Veturium
1129 1283 1393 1339 Geminum
1415 1328 1429 1352 ,
1456 1291 1558 1343 five

70 1341 200 1381 cretio
222 1369 234 1390 ‚
279 1334 361 1383 ille
383 1334 610 1389 Vetusius
629 1341 736 1392 fuit.
760 1343 892 1394 Ante
925 1349 1055 1399 diem
1080 1355 1269 1403 tertium
1295 1356 1408 1408 Idus
1438 1358 1555 1410 Sex-

67 1400 123 1441 T·
158 1404 247 1447 Ve-
277 1403 385 1452 tiles
415 1407 713 1459 consulatum
752 1414 953 1476 ineunt,
984 1415 1081 1482 jam
1106 1421 1211 1471 satis
1240 1426 1401 1474 valida
1429 1430 1553 1478 civi-

64 1462 173 1503 turio
276 1485 405 1531 tate,
446 1488 498 1523 ut
535 1494 637 1526 non
668 1477 824 1528 solum
857 1501 1018 1535 arcere
1056 1488 1236 1539 bellum
1259 1530 1273 1553 ,
1309 1493 1392 1544 sed
1423 1497 1552 1548 ultro

64 1522 176 1568 ΕΘΗ·
279 1540 424 1589 etiam
461 1541 640 1593 inferre
677 1546 849 1612 posset.
885 1550 1034 1619 Igitur
1063 1560 1390 1612 nuntiantibus
1417 1563 1562 1615 Her-·

275 1609 432 1669 nicis,
467 1611 517 1658 in
555 1611 674 1662 fines
710 1614 818 1665 suos
854 1621 1187 1676 transcendisse
1220 1628 1410 1692 hostes,
1452 1634 1548 1683 im-

273 1676 411 1742 pigre
432 1679 709 1742 promiffum
724 1686 949 1737 auxilium
967 1707 982 1749 3
1017 1692 1112 1742 duo
1129 1695 1395 1748 consulares
1413 1716 1555 1751 exer-⁷

121 1743 260 1802 Volsci
275 1745 396 1793 citus
429 1745 602 1813 scripti.
646 1749 875 1802 Veturius
923 1758 1080 1807 miffus
1118 1764 1165 1811 in
1202 1763 1407 1816 Volscos
1432 1805 1449 1828 ,
1481 1770 1545 1819 ad

55 1808 207 1859 praedo·
271 1811 456 1861 bellum
491 1816 619 1866 ultro
644 1818 970 1873 inferendum.
1002 1826 1311 1896 Tricipitinus
1341 1837 1546 1901 popula-

59 1881 144 1911 ³²2⁵·
267 1880 482 1931 tionibus
504 1887 718 1935 arcendis
738 1887 975 1941 sociorum
995 1913 1112 1961 agro
1135 1900 1381 1966 oppositus
1400 1940 1415 1963 ,
1441 1921 1541 1956 non

262 1965 355 2007 bern
372 1968 540 2012 vidimus
568 1973 681 2026 supra
712 1975 756 2022 Ι,
784 1989 831 2030 13
854 2008 867 2025 ,
934 1995 1081 2022 nomen
1119 1985 1254 2026 manfit
1295 1989 1414 2029 etiam
1450 1991 1540 2044 post

260 2027 463 2070 suus‘fuit
503 2030 645 2083 curio,
684 2037 750 2090 qui
782 2054 866 2081 rem
931 2044 1063 2094 pulsos
1080 2059 1213 2100 reges,
1244 2047 1421 2099 Quando
1443 2054 1541 2094 nul·

242 2089 431 2131 :divinam
454 2108 529 2146 pro
557 2096 632 2136 suis
652 2100 869 2144 curialibus
929 2104 991 2144 lus
1018 2118 1105 2147 erat
1126 2108 1315 2160 patricius
1334 2112 1536 2167 magistra-

255 2149 430 2198 faceret.
463 2155 705 2200 Curionibus
739 2164 864 2204 omni·
927 2174 1019 2214 tus,
1069 2170 1222 2220 patricii
1257 2172 1448 2222 coibant,
1487 2177 1531 2218 δι

255 2211 331 2252 bus
360 2215 594 2258 moderator
612 2221 768 2273 quidam
790 2225 863 2264 im-
924 2229 1149 2279 prodebant
1167 2232 1409 2288 interregem
1425 2263 1435 2282 ,
1457 2250 1530 2278 cu-

252 2272 404 2326 pofitus
439 2288 523 2317 erat
544 2307 554 2325 ,
590 2282 700 2322 curio
732 2286 860 2326 maxi·
920 2286 985 2341 jus
1020 2290 1225 2344 imperium
1246 2296 1420 2350 quinque
1444 2298 1528 2338 die-

219 2346 223 2353 ·
252 2347 340 2375 mus
365 2350 375 2376 t
406 2338 471 2392 qui
499 2341 661 2392 quidem
687 2347 858 2389 comitiis
920 2350 992 2390 bus
1024 2351 1204 2394 finiretur
1233 2368 1243 2396 ε
1280 2371 1359 2410 quo
1389 2361 1530 2412 elapso

252 2397 416 2438 curiatis
446 2403 672 2443 creabatur.
918 2420 1100 2466 tempore
1120 2442 1134 2460 ,
1158 2416 1257 2456 alius
1276 2420 1528 2469 prodebatur

313 2458 608 2518 6Interregna]
627 2466 853 2523 interregni
916 2471 1119 2526 interrex,
1145 2477 1184 2518 ὃ(
1214 2477 1265 2518 sic
1297 2480 1487 2535 deinceps
1507 2510 1523 2532 >

246 2518 364 2573 origo
401 2521 515 2576 supra
552 2538 767 2568 memorata
797 2531 850 2572 est
914 2534 1045 2577 donec
1079 2539 1206 2581 creati
1242 2542 1424 2584 consules
1457 2543 1521 2586 fo·

247 2593 269 2619 a
297 2581 416 2622 Livio
432 2612 444 2631 ‚
474 2585 568 2634 1.1,
591 2601 627 2627 c.
663 2589 713 2628 18
732 2617 743 2636 ‚
762 2592 848 2644 post
910 2606 1019 2641 rent,

241 2638 404 2687 Romuli
420 2656 606 2694 mortem.
622 2649 674 2692 Et
689 2666 779 2702 res,
803 2654 845 2697 &
