1643 3078
404 92 450 148 L
494 106 515 147 1
559 105 596 145 B
641 105 677 145 E
722 107 761 146 R
863 90 936 146 V.
1192 103 1306 165 507
1430 140 1437 146 .

37 173 120 220 bus
155 172 318 221 bellum
350 172 585 221 Gallicum
613 170 662 218 in
690 167 741 233 fi
771 166 1027 230 avertiffimt
1051 205 1069 227 ,
1110 169 1306 218 ludibrio
1326 180 1514 232 ωαψς.

37 237 118 303 effe
142 240 295 287 clades
299 238 415 303 ficas
430 241 458 287 ,Ρ
489 227 588 286 Vsx
608 252 944 302 temperavere
965 238 1134 285 animis
1150 275 1165 297 ‚
1191 240 1308 302 quin
1327 237 1515 289 1.C.3S7·

38 306 287 373 extemplo
306 309 542 371 impetum
562 305 774 354 facerent
794 321 805 352 :
827 303 1179 369 compreffique
1197 323 1223 352 a
1240 304 1315 369 Q.

39 370 257 423 Caedicio
294 375 578 423 centurione
598 411 613 434 ‚
644 390 790 440 quem
817 370 1094 435 sibimetipsi
1134 372 1315 436 praefe-

37 457 202 490 terant
222 478 237 500 ,
272 459 375 490 rem
393 444 439 489 in
458 443 652 491 nofilem
674 439 950 491 sustinuere.
984 437 1198 487 Tantum
1229 457 1315 503 par

36 505 251 557 Camillo
289 508 440 559 defuit
470 508 633 559 aucior
667 527 679 557 :
726 523 887 559 cetera
919 506 1103 556 eodem
1142 506 1314 555 ordine

38 577 318 645 eodemque
357 576 561 632 fortunae
597 593 777 627 eventu
812 575 959 644 gesta.
991 574 1129 639 Quin
1166 576 1313 624 etiam

38 643 236 694 ducibus
262 647 466 711 captivis
493 683 509 706 ‚
540 647 620 711 qui
647 647 767 694 caedi
789 643 1031 693 nORurnae
1059 641 1315 707 superfue-

38 727 144 759 rant
167 749 183 772 ,
220 713 279 761 ad
306 713 448 762 aliam
480 731 679 762 manum
712 711 982 760 Tuscorum
1026 710 1086 758 ad
1130 708 1315 759 Salinas

40 779 245 843 profecii
272 819 286 840 ,
329 781 471 829 nocie
506 781 773 846 insequenti
818 797 876 828 ex
908 777 1176 843 improviso
1214 795 1319 826 ma-

36 844 196 911 jorem
242 850 425 898 caedem
479 850 675 898 edidere
715 865 728 897 :
787 847 1061 913 duplicique
1112 844 1316 897 victoria

37 931 243 965 ovantes
274 916 429 965 Veios
456 918 678 966 redeunt.

104 981 287 1032 XLVI.
337 982 509 1033 Romae
556 984 746 1033 interim
788 981 1075 1047 plerumque
1124 978 1313 1030 obsidio

0 1046 1 1099 l
35 1049 220 1117 segnis,
254 1052 306 1101 δί
337 1055 574 1118 utrimque
600 1052 834 1100 stientium
866 1048 959 1097 esse
981 1086 994 1106 ,
1023 1049 1083 1096 ad
1119 1049 1167 1096 id
1195 1064 1314 1097 tan-

36 1121 139 1167 tum
178 1122 372 1169 intentis
403 1119 558 1170 Gallis
581 1157 597 1180 ,
635 1137 694 1169 ne
724 1120 826 1184 quis
861 1116 1067 1164 hostiurn
1096 1119 1311 1168 evadere

32 1186 162 1235 inter
197 1186 420 1237 stationes
454 1187 646 1253 posset:
693 1203 841 1251 quum
877 1185 1080 1247 repente
1117 1184 1311 1249 juvenis

35 1251 289 1303 Romanus
311 1257 625 1304 admiratione
645 1257 690 1302 in
709 1253 755 1302 se
775 1256 904 1303 cives
925 1251 1173 1318 hostesque
1194 1272 1312 1302 con-

33 1324 198 1372 vertit.
230 1321 523 1371 Sacrificium
544 1338 646 1371 erat
662 1322 828 1370 statum
853 1324 897 1368 in
917 1320 1158 1385 Quirinali
1180 1322 1308 1372 colle

36 1392 169 1456 genti
193 1391 369 1440 Fabiae.
398 1389 479 1439 Ad
501 1391 548 1438 id
567 1389 838 1439 faciendum
870 1387 930 1437 C.
962 1387 1133 1437 Fabius
1168 1388 1307 1438 Dor-
1371 1401 1520 1446 Fabia

35 1457 117 1517 so,
150 1457 178 1507 8
217 1457 415 1508 Gabino
449 1457 599 1506 ςίηξὶυ
629 1495 644 1517 ,
683 1457 810 1505 sacra
845 1457 1065 1504 manibus
1096 1474 1269 1524 gerens
1291 1463 1482 1521 ,Dorso-

33 1541 184 1591 quum
215 1526 276 1575 de
309 1525 559 1591 Capitolio
591 1523 902 1575 descendisset
932 1561 947 1584 ,
996 1541 1082 1590 per
1123 1526 1308 1577 medias

33 1591 240 1641 hostium
286 1592 511 1644 stationes
562 1592 809 1661 egressus,
855 1591 969 1641 nihil
1010 1593 1070 1640 ad
1122 1611 1307 1643 vocem

35 1659 314 1727 cujusquam
344 1675 645 1712 terroremve
676 1676 836 1711 motus
869 1698 883 1719 ‚
920 1661 968 1707 in
997 1661 1308 1725 Quirinalem

32 1729 213 1777 collem
258 1731 479 1795 pervenit
515 1747 530 1791 3
575 1731 737 1796 ibique
782 1728 1006 1778 omnibus
1047 1728 1307 1779 solenniter

32 1797 230 1862 peraciis
253 1833 268 1855 ‚
309 1798 483 1846 endem
513 1813 758 1848 revertens
785 1834 800 1857 ‚
830 1795 1042 1845 similiter
1073 1796 1308 1847 constanti

31 1865 167 1913 vultu
208 1865 454 1932 graduque
492 1903 506 1922 ‚
555 1867 660 1915 satis
693 1865 883 1932 sperans
932 1867 1172 1931 propitios
1213 1865 1309 1916 esse

34 1931 155 1980 deos
182 1970 195 1987 ,
237 1949 442 1997 quorum
472 1934 649 1983 cultum
679 1951 740 1983 ne
763 1933 930 1981 mortis
954 1934 1146 1998 quidem
1173 1949 1308 1983 metu
1389 1962 1512 2007 Vel-03

31 2000 300 2066 prohibitus
343 2001 649 2063 deseruiss’et,
680 2005 726 2050 in
766 1998 1062 2066 Capitolium
1102 2002 1162 2050 ad
1199 2002 1304 2052 suos
1322 2042 1467 2068 conve-

32 2067 175 2117 rediit
199 2085 210 2115 τ
238 2068 316 2117 seu
356 2071 569 2118 attonitis
604 2069 759 2119 Gallis
793 2070 1023 2118 miraculo
1057 2071 1265 2119 audaciae
1288 2109 1302 2132 ,
1324 2090 1515 2130 niumm-

32 2135 110 2184 seu
133 2136 369 2202 religione
402 2140 544 2186 etiam
568 2140 711 2187 motis
731 2176 745 2197 ‚
779 2135 912 2200 cujus
935 2137 1303 2205 haudquaquam
1324 2133 1451 2190 laneas¹

32 2204 281 2271 negligens
317 2203 383 2252 est
419 2223 553 2272 gens.
593 2206 731 2255 Veiis
768 2207 993 2265 interim,
1028 2223 1128 2254 non
1157 2208 1305 2255 animi
1327 2210 1510 2257 Ros-nitu·⁹

30 2274 215 2321 tantum
239 2273 285 2320 in
305 2273 406 2322 dies
423 2312 438 2334 ‚
473 2274 554 2323 sed
575 2277 718 2325 etiam
738 2276 864 2324 vires
888 2273 1178 2324 crescebant.
1199 2274 1307 2325 Nec

81 2379 105 2419 8
135 2378 454 2433 Gabinocinc‘zu]
476 2377 639 2420 Cincius
701 2389 804 2419 trum
840 2379 895 2419 ita
940 2380 1210 2418 revocabatur
1252 2378 1302 2418 ad

35 2439 219 2482 Gabinus
254 2442 369 2487 fuit,
406 2456 525 2494 quum
560 2455 638 2480 una
700 2441 840 2495 pefius
865 2470 879 2487 ,
916 2452 959 2480 ut
993 2440 1193 2479 hominem
1221 2439 1304 2479 cin-

33 2513 141 2556 togae
171 2503 316 2542 lacinia
349 2502 462 2556 supra
496 2505 638 2542 hume·
702 2512 852 2557 geret:
888 2503 995 2542 unde
1020 2511 1113 2555 toga
1140 2501 1305 2543 brevior

33 2578 119 2605 rum
136 2564 322 2604 sinistrum
339 2564 377 2605 in
394 2573 551 2618 tergum
572 2577 640 2603 re·
704 2565 747 2607 δι
768 2563 986 2606 εάίὶτὶὲὶίοι·
1011 2561 1154 2606 fiebat.

33 2624 136 2683 jesia
155 2655 167 2675 ,
188 2626 288 2668 infra
310 2627 519 2668 humerum
539 2626 641 2668 dex-
