1643 3078
436 114 959 171 LIBERV.
1222 113 1336 188 483

70 192 357 258 stipendium
390 195 593 241 militum
621 190 723 253 ejus
754 191 903 249 anni,
936 206 986 240 ut
1005 191 1213 258 populus
1243 193 1344 241 Ro·
1362 187 1408 228 U·
1414 199 1448 229 C·
1457 187 1553 241 361

71 279 239 310 manus
260 261 439 309 tributo
461 276 681 318 vacaret,
715 276 916 325 pecuma
937 277 1183 325 imperata
1218 256 1379 310 Pace
1361 238 1448 286 Ὦς·
1454 256 1550 296 59¹·

29 324 31 327 ¹
73 329 216 387 data,
250 331 483 376 exercitus
513 327 724 376 Romam
755 325 1001 374 deduc'ius.

31 394 40 403 ³
142 395 283 444 XXV
296 395 382 444 ΙΙΙ.
422 395 654 445 Camillus
704 390 903 442 meliore
946 393 1100 441 multo
1151 393 1292 442 laude
1327 432 1343 454 ‚

70 480 216 529 quam
240 481 388 530 quum
421 465 797 528 triumphantem
820 463 909 510 albi
939 478 1025 526 per
1051 461 1221 509 urbem
1253 479 1344 511 ve-

68 548 239 579 xerant
268 533 412 598 equi,
447 531 474 579 8
506 532 694 596 insignis
724 530 896 595 justitia
914 528 1105 595 fideque
1128 527 1340 578 hostibus

67 599 240 657 viciis,
273 617 420 664 quum
455 602 501 647 in
538 601 706 648 urbem
736 598 923 647 redisset
946 636 961 658 ‚
998 613 1028 676 9
1059 598 1201 645 tacite
1237 612 1341 657 ejus

70 668 416 716 verecundiam
449 686 549 715 non
570 669 674 716 tulit
708 665 924 724 senatus,
952 668 1064 731 quin
1088 664 1183 712 fine
1205 682 1343 712 mora

68 738 175 782 voti
213 736 523 784 liberaretur:
553 748 881 812 crateramque
925 751 1118 782 auream
1155 733 1342 780 donum

69 801 291 879 Apollini
334 801 557 868 Delphos
587 803 729 867 legati
764 805 844 866 qui
873 800 1091 862 ferrent,
1114 800 1168 848 L.
1186 801 1341 849 Vale·
1417 817 1530 873 Mgffi

67 872 192 927 rius,
222 869 275 918 L.
295 869 517 937 Sergius,
546 869 610 917 A.
633 869 842 916 Manlius
868 868 989 916 miffi
1026 885 1044 915 1
1073 869 1217 935 longa
1245 887 1338 916 una
1355 880 1539 934 Delphos

45 955 186 986 unave
211 976 223 995 ‚
261 939 381 985 haud
413 938 581 1004 procul
605 936 731 985 freto
756 936 915 985 Siculo
946 955 971 984 a
1003 939 1164 1001 piratis
1190 937 1337 1001 Lipa-
1354 942 1477 996 legati

64 1004 270 1053 tensium
301 1009 493 1070 excepti
528 1005 828 1054 devehuntur
856 1004 1065 1067 Liparas..
1099 1004 1214 1051 Mos
1237 1021 1337 1053 erat
1356 1018 1436 1043 cum
1456 1005 1528 1044 (ἶο-

64 1074 304 1130 civitatis
327 1076 457 1122 velut
480 1075 672 1138 publico
697 1074 985 1129 latrocinio,
1016 1089 1198 1135 partam
1220 1090 1339 1137 prae-
1355 1080 1423 1106 ⁷²⁰·

65 1141 178 1189 dam
213 1113 445 1190 dividere
496 1141 642 1190 Forte
673 1158 734 1190 eo
766 1158 893 1187 anno
926 1141 972 1186 in
999 1138 1184 1187 summo
1227 1158 1335 1187 ma-
1380 1158 1548 1213 Timasi-

61 1208 253 1275 gistratu
276 1225 376 1258 erat
393 1208 712 1258 Timafitheus
737 1208 967 1272 quidam,
1001 1207 1235 1256 Romanis
1263 1211 1336 1255 vir
1353 1220 1430 1259 thei
1477 1221 1546 1260 Li..

59 1276 255 1325 fimilior
282 1294 426 1343 quam
451 1277 577 1336 suis;
605 1279 684 1343 qui
707 1276 976 1353 legatorum
996 1294 1213 1336 nomen,
1246 1277 1522 1337 do-parenfis

60 1361 276 1411 numque
306 1382 320 1404 ‚
373 1346 425 1394 &
478 1346 620 1394 deum
672 1346 746 1392 cui
790 1346 1089 1402 mitteretur,
1131 1344 1182 1391 ὃ(
1222 1344 1511 1400 donjreligio.

58 1411 248 1462 causam
283 1414 464 1462 veritus
503 1411 601 1478 ipse
628 1449 644 1473 ,
696 1412 1051 1460 multitudinem
1086 1429 1284 1477 quoque
1321 1450 1337 1474 ,

61 1498 170 1547 quae
200 1479 388 1546 semper
416 1478 570 1529 ferme
605 1481 789 1547 regenti
819 1479 886 1528 est
908 1479 1066 1527 similis
1089 1517 1104 1539 ‚
1140 1482 1339 1547 religio-

61 1549 136 1596 nis
176 1545 303 1610 justae
340 1550 602 1614 implevit:
646 1546 969 1613 adduciosque
1006 1550 1053 1595 in
1092 1549 1340 1613 publicum

27 1615 321 1681 shospitium
341 1616 562 1682 legatos,
588 1634 696 1665 cum
724 1615 943 1681 praefidio
963 1619 1107 1665 etiam
1136 1619 1336 1665 navium

58 1681 288 1748 Delphos
321 1684 635 1750 prosequutus
667 1723 682 1744 ,
733 1683 945 1733 Romam
981 1684 1096 1732 inde
1139 1684 1336 1749 sospites

58 1750 278 1801 restituit.
330 1752 608 1819 Hospitium
652 1770 762 1801 cum
816 1770 878 1802 eo
927 1705 1332 1804 senatusconsulto

119 1877 144 1917 8
166 1875 328 1932 Infignis
338 1876 660 1932 justitici'fideque
723 1886 894 1917 raretur.

55 1938 221 1989 hostibus
241 1939 347 1977 vii-'iis
367 1939 383 1991 ]
420 1938 580 1992 lnfignis
601 1938 660 1978 vi·
789 1951 804 1978 1
832 1938 992 1993 Longd'.
1010 1966 1021 1979 .
1042 1965 1054 1978 .
1074 1939 1200 1991 nave]
1221 1940 1327 1981 Lon-

55 1999 176 2040 &orifi
199 2014 246 2038 ex
269 2000 442 2040 hostibus
464 2015 534 2052 per
553 1999 658 2051 justi-

53 2062 148 2102 tiam
171 2062 211 2102 ὅ(
236 2060 354 2100 fidem
373 2064 594 2114 reportata.

116 2135 141 2174 9
186 2121 321 2162 Tacit&
364 2122 441 2175 ejus
472 2137 656 2164 verecun-

53 2183 190 2237 diam]
219 2183 454 2225 Gronovius
472 2185 570 2239 legit
594 2198 657 2224 ta-

54 2245 154 2295 citi,
186 2245 224 2283 id
259 2246 312 2285 est
339 2246 510 2286 tacentis
530 2275 540 2293 ‚
576 2261 656 2287 non

51 2306 273 2360 querentis.
309 2306 438 2346 Etiam
472 2319 611 2348 'tacens
641 2336 653 2356 ,

6 2406 8 2409 ,
53 2368 141 2419 solo
174 2368 330 2421 aspe&u
359 2401 370 2417 ‚
414 2369 656 2411 admonebat

52 2430 140 2471 voti
170 2444 251 2470 non
290 2429 463 2470 exsoluti
494 2446 505 2472 ι
539 2447 654 2486 quam

51 2490 336 2532 verecundiam
366 2505 446 2532 non
479 2494 570 2533 tulit
599 2494 655 2534 se-

51 2563 166 2594 natus
180 2581 190 2599 ‚
210 2552 415 2605 statimque
433 2553 540 2593 dedit
555 2569 655 2607 ope·

50 2628 133 2656 ram
153 2625 195 2656 ut
215 2614 436 2669 respublica
453 2616 539 2658 voti
552 2617 656 2659 libe·

722 1999 779 2055 gis
800 2002 964 2039 navibus
978 2028 989 2048 ‚
1014 2015 1109 2054 quas
1127 2001 1167 2041 ὃ(
1189 2000 1327 2043 Graeci

721 2080 869 2111 vocant
884 2062 1056 2121 μακράς
1070 2098 1082 2118 ,
1114 2087 1326 2125 opponun—

720 2143 786 2173 tur
806 2132 998 2174 0nerariae
1020 2159 1029 2175 ‚
1069 2146 1153 2185 quae
1174 2134 1326 2176 Gne&

720 2195 821 2248 saepe
840 2186 1073 2254 ςρογΓῦλοιι
1095 2225 1106 2244 ,
1138 2197 1164 2236 i.
1191 2210 1229 2236 e.
1253 2211 1324 2237 ro-

718 2258 854 2299 tundae
892 2260 1094 2299 dicuntur.
1141 2258 1224 2297 Illis
1269 2259 1321 2299 ad

717 2319 822 2359 bella
851 2349 862 2368 ,
907 2320 964 2361 his
995 2321 1042 2360 ad
1076 2320 1322 2375 negotiatio·

719 2396 808 2421 nem
856 2408 860 2413 -
884 2382 924 2424 &
993 2382 1319 2436 exportationem

717 2457 908 2483 mercium
950 2471 960 2490 ,
1020 2455 1317 2484 commeatuum

717 2506 800 2546 διε.
821 2507 1049 2545 utebantur.
1075 2505 1155 2545 111ae
1174 2505 1291 2545 remis
1305 2536 1320 2557 ,Δ

717 2566 778 2608 hae
799 2568 900 2609 velis
921 2568 1156 2622 agebantur.
