1652 3083
224 139 326 198 ‘342
473 128 814 182 rNDEx
875 128 1254 183 RERUM.

282 197 410 251 pulum
428 226 438 246 ,
454 207 495 239 ut
517 198 658 249 plebeii
679 201 913 254 magistratus
931 203 1077 243 tributis
1098 199 1188 242 fiant
1206 196 1395 248 comitiis,
1408 194 1507 240 ibat

283 263 305 292 a
323 251 442 306 plebe
460 252 629 295 tribunus
646 253 814 298 reficitur
830 287 841 307 ,
862 256 958 297 ibid.
1264 285 1267 288 -

840 364 898 418 Q.

236 416 643 520 QUADRANTEs
665 471 701 511 in
720 469 763 512 P.
781 469 924 511 Valerii
955 468 1036 512 cos.
1059 469 1174 511 occisi
1201 469 1237 510 in
1270 467 1400 522 praelio
1433 466 1510 508 do·
1536 488 1540 491 ·
1610 470 1616 477 “

286 532 391 616 ιηὲυῃ
409 535 430 564 a
447 524 560 577 plebe
579 525 703 579 jactati
720 553 732 570 ,
752 535 793 566 ut
809 524 943 567 funere
971 524 1156 577 ampliore
1186 523 1379 566 efferretur
1394 551 1406 568 ,
1424 521 1477 564 Ill
1493 549 1508 567 ‚

292 587 311 615 1
348 607 359 619 .

233 628 480 683 Quaestorum
506 632 624 686 prima
645 630 746 686 apud
779 631 930 675 Livium
956 632 1128 681 mentio,
1157 630 1221 682 ΙΙ,
1249 644 1316 682 41.
1347 630 1405 683 ius
1437 629 1509 671 illis

287 682 357 726 fuit
388 686 489 727 diem
525 685 678 727 dicendi
705 687 752 728 ad
781 699 875 741 pop.
907 687 950 728 iis
983 688 1045 741 qui
1072 687 1200 740 aliquo
1218 685 1256 728 se
1273 684 1418 728 scelere
1436 683 1511 726 ob-

290 738 505 781 strinxissent
525 769 536 788 ,
565 741 660 780 ibid.
684 741 721 780 6·
754 740 805 782 Ill
829 773 840 791 ‚
874 753 928 791 24
946 772 957 792 ,
976 754 1046 791 25.

235 792 481 846 Quaestorum
514 806 691 836 numerus
725 795 935 850 duplicatus
953 824 964 841 ,
987 795 1043 838 Ν
1060 826 1072 846 ,
1097 806 1166 849 43.
1200 794 1370 851 primi2ev
1395 791 1511 847 plebe

291 846 496 899 quaestores
517 865 542 898 ‚>
557 847 609 889 lV
628 877 640 894 ,
677 861 739 899 54.

187 927 199 939 t
236 900 386 953 Quintii
406 915 454 944 ex
471 902 627 944 Albanis
646 903 875 959 principibus
893 904 930 945 in
947 903 1150 959 collegium
1163 903 1317 945 Patrum
1339 900 1449 948 leffi,
1467 899 1511 955 1,

294 965 361 1006 30.
1042 966 1045 969 ·
1332 992 1339 995 ,,

237 1008 421 1061 Quintius
446 1011 692 1053 Cincinnatus
714 1045 725 1064 ‚
744 1013 830 1055 trib.
850 1014 925 1055 mil.
946 1013 1050 1055 cons.
1069 1022 1153 1067 pot.
1171 1011 1227 1053 IV
1242 1043 1253 1064 ,
1272 1023 1343 1064 49.

237 1063 350 1104 (jaeso
371 1066 551 1119 Quintius
582 1066 710 1108 resistit
737 1068 826 1109 trib.
855 1068 981 1122 legem
999 1067 1242 1109 Terentillam
1275 1063 1510 1113 ferentibus,

291 1117 372 1170 111,
393 1131 409 1160 1
423 1132 456 1160 1.
473 1122 506 1161 ei
526 1121 774 1163 homicidium
794 1122 894 1163 falzo
916 1122 1108 1173 objectum
1128 1150 1139 1166 ‚
1162 1134 1225 1175 13.
1239 1121 1379 1175 primus
1396 1119 1516 1162 vades

293 1173 471 1226 publicos
493 1175 578 1223 flat,
599 1176 693 1215 ibid.
714 1177 750 1217 in
770 1176 927 1218 exilium
948 1177 1055 1228 abit,
1078 1177 1174 1216 ibid.

236 1224 282 1268 L.
306 1229 484 1281 Quintius
504 1230 747 1272 Cincinnatus
772 1243 847 1285 pro
881 1231 1041 1272 Caesone
1077 1230 1157 1271 filio
1188 1241 1282 1284 pop.
1309 1238 1487 1283 precatur
1503 1254 1518 1274 2

293 1280 348 1323 Ill
368 1314 379 1333 ,
403 1295 467 1326 12.
489 1283 529 1324 fit
550 1284 629 1325 cos.
653 1296 715 1336 19.
734 1284 814 1336 ejus
837 1287 872 1326 in
890 1285 978 1328 trib.
1000 1287 1209 1327 vehemens
1232 1286 1357 1325 oratio
1374 1312 1386 1329 ‚
1419 1283 1520 1325 ibid.

292 1348 371 1377 non
389 1340 527 1390 patitur
543 1338 578 1379 se
597 1351 729 1380 contra
751 1340 790 1382 S.
812 1340 865 1383 C.
882 1339 1075 1381 consulem
1103 1339 1208 1380 refici
1228 1369 1240 1389 ,
1265 1351 1331 1379 21.
1354 1339 1401 1378 ab
1433 1349 1518 1379 ara-

292 1399 354 1432 tro
375 1390 423 1432 ad
443 1392 662 1434 dictaturam
683 1403 868 1440 vocatur,
892 1394 959 1435 26.
987 1393 1139 1446 AEquos
1172 1391 1436 1434 circumvallat
1472 1392 1516 1433 ὅ(

291 1444 360 1486 sub
377 1444 504 1500 jugum
524 1447 663 1496 mittit,
680 1461 734 1500 27
747 1478 758 1498 ,
777 1449 842 1490 28.
863 1447 1010 1490 corona
1029 1446 1144 1489 aurea
1165 1446 1326 1487 donatur
1341 1445 1391 1486 ab
1405 1457 1535 1500 exer».-

294 1500 374 1541 citu
403 1513 519 1554 quern
539 1501 787 1547 servaverat,
807 1514 871 1555 29.
892 1503 1123 1556 triumphat,
1151 1500 1248 1542 ibid.
1283 1509 1416 1554 petens
1451 1501 1520 1542 de·

296 1557 577 1600 cemviratum‚
608 1557 792 1610 repulsam
821 1557 982 1611 patitur,
1015 1569 1081 1610 3-5.
1115 1555 1196 1609 ejus
1232 1554 1520 1614 moderatioftn

296 1608 489 1651 censendo
508 1638 519 1654 ,
541 1609 595 1652 IV
615 1642 626 1661 ‚
643 1612 685 1653 6.
707 1611 866 1653 d'iStator
892 1612 1027 1652 iterum
1045 1619 1219 1661 creatur,
1241 1609 1295 1652 IV
1311 1639 1322 1660 ,
1345 1619 1408 1663 13.
1437 1620 1520 1662 elus

299 1664 424 1705 oratio
444 1665 491 1706 ad
509 1676 601 1718 pop.
624 1664 672 1706 de
690 1665 755 1720 Sp.
773 1665 903 1707 Moelii
923 1678 1020 1708 nece
1038 1696 1048 1714 ,
1072 1677 1138 1717 15.

242 1714 295 1760 Τ.
317 1718 498 1770 Quintius
515 1719 699 1761 Barbatus
721 1721 956 1774 Capitolinus
975 1720 1056 1762 cos.
1072 1717 1178 1761 sedat
1195 1717 1348 1772 plebem
1365 1717 1527 1760 saevien·

296 1781 374 1813 tem
392 1802 403 1816 ‚
425 1771 486 1822 11,
511 1773 574 1824 56.
593 1775 629 1815 ei
649 1776 774 1828 gratiae
792 1775 881 1816 11&ae
906 1788 927 1815 a
960 1774 1109 1819 senatu,
1135 1786 1197 1824 57.
1229 1774 1325 1814 inter
1353 1785 1440 1813 eum
1479 1773 1520 1814 ὃ(

297 1826 436 1868 milites
461 1830 644 1870 comitate
675 1830 714 1869 ὃ(
741 1829 940 1871 beneficiis
969 1838 1154 1870 certatum
1174 1860 1185 1878 ,
1209 1826 1277 1868 60.
1295 1839 1362 1880 per
1389 1825 1522 1867 Patres

299 1879 530 1935 clientesque
557 1880 710 1923 Patrum
734 1884 814 1925 cos.
841 1885 975 1925 iterum
994 1892 1144 1924 creatur
1159 1914 1169 1933 ,
1190 1880 1256 1930 64.
1284 1881 1421 1936 insigne
1439 1879 1521 1933 ejus

297 1933 523 1989 stratagema
541 1964 553 1981 ‚
571 1936 667 1978 ibid.
698 1948 847 1979 creatur
873 1938 1043 1979 triumvir
1067 1948 1160 1995 agro
1186 1934 1316 1976 dando
1335 1964 1346 1980 ‚
1373 1933 1454 1984 111,
1484 1947 1523 1979 1·.

299 1989 452 2030 tertium
480 1991 560 2032 cos.
593 2003 629 2032 2.
651 2003 721 2044 pro
741 1993 821 2034 cos.
847 1993 1001 2033 mittitur
1018 1990 1178 2032 sublidio
1199 1989 1280 2031 cos.
1301 1989 1521 2039 laboranti,

296 2053 352 2092 4,
370 2056 458 2085 eum
489 2043 652 2094 liberat,
677 2055 711 2096 5.
734 2044 904 2088 defendit
925 2047 1124 2088 Caesonem
1159 2044 1361 2098 Quintium
1384 2055 1489 2084 reum
1510 2074 1523 2094 ,

300 2109 382 2146 12,
404 2108 468 2150 13.
505 2098 666 2152 quaestor
684 2099 880 2142 Volscium
902 2130 913 2149 ‚
944 2112 1022 2154 quo
1055 2098 1149 2140 teste
1182 2098 1292 2140 Caeso
1323 2096 1523 2139 (humatus

298 2150 422 2192 fuerat
441 2181 453 2200 ,
481 2153 703 2207 impugnat,
725 2155 793 2205 2'5.
821 2164 954 2207 petens
981 2153 1285 2196 decemviratum
1306 2183 1317 2202 ,
1341 2151 1525 2205 repulsam

299 2206 439 2259 patitur
457 2234 468 2251 ‚
491 2217 555 2258 35.
575 2208 748 2261 quartum
767 2209 846 2251 cos.
865 2208 932 2250 66.
959 2209 1113 2262 egregia
1131 2207 1212 2259 ejus
1235 2206 1283 2248 de
1313 2206 1524 2248 concordia

300 2260 453 2309 oratio,
473 2261 527 2312 67
550 2293 561 2312 ‚
578 2262 646 2305 68.
675 2262 756 2303 laus
786 2262 836 2306 T.
859 2264 1038 2317 Quintil,
1057 2262 1126 2314 69.
1158 2263 1277 2302 vincit
1303 2260 1456 2314 AEquos
1483 2262 1524 2303 ὃ(

299 2313 470 2356 Volscos
489 2345 500 2365 ,
531 2328 598 2366 70.
621 2316 786 2358 interrex
800 2347 811 2366 ,
845 2315 899 2359 IV
913 2347 924 2366 ,
943 2330 984 2369 7.
1002 2315 1172 2370 quintum
1203 2315 1283 2356 cos.
1303 2314 1356 2356 lV
1370 2345 1381 2364 ,
1402 2316 1442 2356 8.
1463 2324 1527 2357 to·

300 2379 409 2421 gatus
429 2369 557 2410 armati
578 2370 736 2423 gloriam
755 2381 897 2425 aequat,
924 2383 987 2415 10.
1004 2372 1148 2412 sextum
1169 2369 1249 2410 cos.
1270 2379 1442 2421 creatur,
1463 2382 1528 2423 13.

302 2423 477 2463 nominat
493 2423 715 2466 difflatorem
731 2423 773 2467 L.
800 2426 1000 2480 Quintium
1020 2425 1287 2466 Cincinnatum
1306 2453 1317 2472 ‚
1346 2423 1442 2466 ibid.
1469 2424 1535 2466 les

303 2486 413 2572 {atus
443 2476 607 2531 sequitur
624 2478 823 2520 AEmilium
856 2479 1077 2520 amatorem
1097 2509 1108 2530 ‚
1150 2491 1213 2531 17.
1246 2486 1424 2533 precatur
1455 2490 1527 2534 pro

345 2562 355 2573 .
378 2532 540 2585 Quintio
562 2531 775 2574 Cincinnati
792 2532 870 2574 filio
887 2565 897 2583 ,
918 2545 987 2575 reo
1007 2564 1017 2583 ,
1037 2546 1106 2583 41«.

252 2583 301 2626 T.
325 2585 504 2638 Quintius
533 2585 780 2628 Cincinnatus
809 2587 956 2629 Pennus
975 2620 984 2637 ‚
1017 2587 1096 2629 cos.
1125 2585 1203 2635 IV,
1226 2585 1295 2628 26.
1330 2585 1528 2631 discordiae

306 2638 387 2685 eius
409 2651 496 2683 cum
517 2639 671 2696 collega
687 2669 699 2688 ,
719 2642 816 2687 ibid.
834 2641 981 2686 strenua
1002 2641 1082 2694 ejus
1102 2653 1221 2696 opera
1242 2642 1278 2682 in
1295 2640 1402 2695 bello
1419 2671 1431 2695 ,
1452 2655 1505 2695 27
1515 2673 1537 2697 „
