1689 3083
466 123 511 178 L
556 138 575 176 1
621 138 656 177 B
704 138 737 178 E
781 139 819 179 R
919 125 940 178 I
979 126 1021 180 Ι.
1249 122 1356 200 185

25 239 27 241 .
92 199 376 251 minabatur.
413 200 471 250 Id
501 202 678 250 multos
719 202 916 268 quidem
952 202 1146 249 Parrum
1173 238 1188 261 ‚
1233 202 1361 266 ipsos
1384 211 1571 257 U,c‚268.

92 267 404 335 poffeffores,
444 270 658 334 periculo
687 286 845 318 rerum
886 268 1071 317 suarum
1110 270 1318 317 terrebat
1347 269 1571 328 ;a.C.4‘‹34.

91 334 175 384 sed
211 337 258 383 &
309 353 331 399 3
372 337 562 402 publica
598 337 810 385 Patribus
858 336 1129 384 sollicitudo
1165 337 1319 383 inerat
1347 373 1362 396 ‚

49 409 54 412 ”
88 402 342 469 largitione
380 403 625 453 consulem
669 403 953 470 periculosas
1000 404 1205 451 libertati
1245 419 1363 466 opes

89 468 283 519 struere.
312 470 442 519 Tum
466 474 675 537 primum
704 489 736 533 4
764 473 842 520 lex
863 473 1043 538 agraria
1061 469 1365 536 promulgata
1443 474 1532 515 Lex

90 535 192 596 est,
227 557 488 605 numquam
521 539 695 589 deinde
729 539 873 605 usque
909 539 968 587 ad
1007 539 1128 586 hanc
1164 554 1360 586 memo·
1381 536 1556 593 agrati&

87 605 240 663 riam,
278 606 374 655 fine
412 609 630 656 maximis
673 608 887 657 motibus
929 623 1085 655 rerum
1115 643 1128 665 ‚
1167 607 1362 672 agitata.

88 669 272 721 Consul
320 676 437 724 alter
485 676 724 742 largitioni
760 674 1002 724 resistebat
1032 712 1046 733 ‚
1093 672 1362 723 aucioribus

87 738 300 789 Patribus
326 779 339 801 ‚
385 758 475 791 nec
524 743 660 792 omni
704 741 850 807 plebe
895 741 1214 801 adversante3
1253 759 1361 807 quae

87 809 249 874 primo
289 824 502 875 coeperat
542 826 562 876 5
599 808 803 858 fastidire
836 827 1006 857 munus
1045 810 1295 875 vulgatum
1331 828 1360 858 a

86 876 271 924 civibus
308 876 385 926 iffe
425 881 473 926 in
508 877 661 927 socios
694 895 704 924 :
747 877 870 943 saepe
903 878 1078 926 deinde
1111 881 1161 925 ὅζ
1196 876 1362 944 Virgi-

84 942 221 991 nium
249 945 496 994 consulem
516 949 562 994 in
586 946 905 993 concionibus
934 946 1069 994 velut
1095 946 1361 994 vaticinan-

86 1023 189 1059 tem
232 1013 455 1061 audiebat
482 1051 496 1073 ‚
554 1014 772 1079 Pestilcns
817 1013 992 1079 collegae
1053 1031 1215 1060 munus
1259 1011 1357 1076 effe.

88 1079 243 1145 Agros
261 1081 369 1128 illos
385 1079 643 1144 servitutem
660 1083 721 1128 iis
747 1082 825 1145 qui
841 1081 1114 1146 acceperint,
1147 1082 1319 1129 laturos
1332 1100 1356 1142 ,-

86 1164 216 1212 regno
248 1150 372 1196 viam
399 1150 517 1212 fieri.
571 1151 702 1213 Quid
729 1150 795 1195 ita
824 1150 938 1196 enim
969 1144 1130 1211 affieini
1160 1147 1314 1210 socios
1337 1187 1358 1209 ,

86 1213 134 1262 ὅ)
164 1233 321 1263 nomen
354 1218 572 1264 Latinum
607 1219 634 1265 Ρ
685 1218 817 1279 Quid
842 1212 1070 1277 attinuzffe
1091 1253 1109 1273 ,
1140 1218 1358 1265 Hernicis

80 1282 226 1347 paul&
252 1283 356 1330 ante
374 1285 570 1350 hostibus
584 1286 708 1349 capti
723 1285 819 1349 agri
835 1286 1007 1331 tertiam
1015 1298 1188 1349 partem
1201 1286 1324 1332 reddi
1336 1322 1359 1349 ,

88 1350 180 1412 nisi
200 1365 251 1397 ut
277 1353 342 1398 ,ἄιε
360 1366 510 1417 gentes
531 1371 614 1417 pro
648 1351 886 1400 Coriolano
916 1354 1025 1399 duce
1056 1352 1241 1415 Caffium
1272 1353 1360 1399 ha-

83 1417 216 1465 beant
235 1420 261 1466 ?
297 1418 543 1484 Popularis
575 1418 671 1482 jam
700 1417 794 1467 effe
818 1417 1040 1467 diffuasor
1063 1420 1113 1467 ὃ(
1135 1419 1363 1469 interces-

80 1482 159 1532 sor
180 1485 298 1552 legis
320 1489 511 1552 agrariae
532 1503 760 1553 coeperat.
793 1486 1012 1552 Uterque
1038 1487 1213 1535 deinde
1237 1505 1362 1536 con-

81 1550 151 1600 sul
185 1557 399 1602 certatim
431 1555 561 1620 plebi
582 1555 850 1621 indulgere.
881 1554 1128 1620 Virginius
1163 1556 1360 1615 dicere,

80 1617 319 1685 passurum
354 1621 401 1671 se
436 1621 653 1689 affignari
689 1640 828 1689 agros
850 1659 864 1682 ‚
896 1623 1011 1669 dum
1045 1640 1107 1671 ne
1138 1625 1245 1682 cui,
1273 1623 1358 1673 nist

83 1688 181 1735 civi
215 1687 442 1738 Romano
474 1728 488 1750 ,
535 1689 840 1757 affignentur.
894 1688 1079 1738 Caffius
1110 1728 1125 1750 ‚
1166 1694 1275 1757 quia
1307 1693 1360 1741 in

83 1758 263 1822 agraria
289 1757 537 1823 largitione
560 1759 589 1806 6
610 1758 882 1807 ambitiosus
902 1760 950 1805 in
971 1757 1124 1806 socios
1147 1795 1161 1817 ‚
1195 1776 1360 1826 eoque

81 1824 269 1873 civibus
302 1827 445 1874 vilior
477 1841 578 1875 erat
599 1864 614 1886 ‚
642 1840 694 1874 ut
715 1826 808 1874 alio
842 1843 1042 1875 munere
1071 1825 1157 1874 fibi
1188 1843 1363 1876 recon-

84 1891 267 1941 ciliaret
301 1895 479 1941 civium
514 1896 699 1942 animos
718 1932 733 1954 ,
763 1892 930 1958 jubere
951 1913 1044 1958 pro
1065 1892 1224 1944 Siculo
1254 1895 1363 1944 fru-

83 1973 250 2009 mento
278 1963 529 2026 pecuniam
565 1976 813 2028 acceptam
844 1962 1039 2011 retribui
1058 1963 1268 2028 populo.
1299 1962 1361 2012 Id

146 2053 166 2093 3
185 2041 405 2083 Publica...
420 2041 683 2097 sollicitudo]

82 2101 222 2144 Metus
261 2105 304 2146 ὅ(
331 2119 425 2145 cura
461 2119 536 2159 pro
568 2119 688 2160 repu-

87 2164 207 2207 blica.

143 2238 173 2275 4
207 2225 292 2266 Lex
344 2227 502 2283 agraria
539 2227 556 2280 ]
620 2227 688 2267 De

84 2299 184 2340 agro
201 2304 217 2332 ·,
242 2287 308 2340 qui
341 2302 390 2329 ex
426 2288 600 2328 hostibus
621 2303 690 2329 ca·

85 2357 178 2400 ptus
213 2362 259 2388 ac
292 2351 457 2402 proinde
507 2351 690 2403 publicus

86 2418 174 2448 erat
194 2435 206 2454 ‚
223 2421 292 2450 aut
320 2412 532 2451 adimendo
561 2412 687 2466 priva-

86 2468 139 2509 tis
158 2469 225 2523 qui
255 2484 344 2510 eum
364 2484 687 2525 occupaverant,

87 2540 158 2570 aut
182 2531 366 2584 inopibus
394 2533 627 2575 dividundo.

156 2603 174 2644 5
218 2592 403 2644 Fastidire
434 2609 566 2635 munus
602 2595 692 2637 vul·

79 2663 220 2712 ‘gamm
250 2668 275 2695 a
295 2654 443 2697 civibus
469 2655 532 2712 iffe
559 2656 598 2698 ἱη
616 2654 693 2715 so'.

752 2045 830 2084 cios
850 2045 867 2097 ]
895 2044 1172 2085 Resecandum
1192 2047 1360 2088 videtur

750 2108 918 2146 verbum
949 2105 1031 2159 iffe.
1070 2108 1216 2148 Sensus
1255 2108 1309 2148 est
1342 2120 1357 2150 z

753 2166 938 2208 Fastidire
956 2182 1095 2209 munus
1114 2198 1126 2216 ‚
1148 2170 1255 2222 quod
1274 2183 1361 2211 non

753 2229 960 2282 proprium
984 2230 1081 2271 effet
1099 2231 1242 2271 civium
1257 2259 1269 2278 ,
1291 2231 1362 2271 sed

756 2292 1087 2333 communicatum
1108 2292 1225 2333 sociis
1257 2306 1362 2346 quo-

755 2366 831 2406 que
852 2383 868 2403 ‚
898 2352 977 2406 jam
999 2354 1078 2394 vile
1114 2354 1157 2396 ὅ(
1191 2355 1360 2408 vulgare

755 2413 976 2454 videretur.

814 2474 839 2515 6
856 2472 1096 2530 Ambitiofits
1125 2474 1165 2515 in
1184 2472 1356 2530 socios}

753 2535 989 2578 Ambiendae
1002 2537 1199 2580 sociorum
1218 2536 1360 2595 gratiae

753 2597 928 2642 studens.

978 2715 1091 2777 Κν.
