1653 3078
435 115 481 170 L
525 129 548 168 1
592 127 626 168 Β
673 128 707 167 E
750 129 789 168 R
885 114 926 169 Ῑ.
1246 128 1313 193 55

46 204 216 263 pacem
236 231 250 253 ‚
283 192 344 242 fic
380 194 428 240 in
459 210 578 258 pace
606 193 786 241 bellum
819 207 1035 256 quaerens
1056 229 1071 252 ‚
1099 193 1209 258 quia
1232 194 1323 243 suae

45 264 222 311 civitati
258 261 530 309 animorum
566 261 671 325 plus
701 258 847 324 quem
884 260 1057 307 virium
1091 263 1322 311 cernebat

48 329 140 379 esse
162 366 176 389 ‚
208 329 267 376 ad
289 330 466 387 bellum
490 329 647 393 palam
684 344 826 393 atque
857 343 916 375 ex
949 325 1104 375 edicio
1144 344 1322 393 geren-

48 397 161 444 dum
192 397 309 444 alios
345 397 553 445 concitat
582 397 788 462 populos
824 412 837 453 3
867 393 956 443 suis
991 411 1076 461 per
1111 393 1320 459 speciem

45 463 282 513 societatis
314 464 654 529 'proditionem
689 462 912 511 reservat.
957 479 989 521 4
1031 462 1322 520 Fidenates,

45 531 235 579 colonia
273 530 524 589 Romana,
550 530 834 582 Veientibus
866 529 1004 578 sociis
1037 529 1218 577 coniilii
1252 529 1323 576 as-

45 597 241 664 sumptis
259 636 272 658 ,
292 598 431 664 pac'to
462 598 744 646 transitionis
767 597 1069 645 Albanorum
1085 634 1099 656 ,
1130 597 1191 644 ad
1215 597 1321 645 bel-

47 666 146 714 lum
194 682 336 732 atque
397 684 527 714 arma
581 668 850 714 incitantur.
903 664 1073 729 Quum
1125 664 1319 713 Fidenae
1368 678 1525 720 Bellum

43 734 212 798 aperte
259 730 741 793 desciffent‚'Tullus
792 732 970 780 Mettio
1012 735 1530 798 exercituquecumfide-

51 801 155 865 ejus
187 803 246 849 ab
284 803 410 850 Alba
448 804 601 850 accito
635 818 802 849 contra
835 799 991 848 hostes
1027 801 1157 848 ducit
1186 817 1200 859 ;
1239 801 1510 848 ubinatihus.

51 869 295 918 Anienem
335 869 540 928 transiit,
572 870 632 917 ad
666 868 966 917 confluentes
997 868 1201 916 collocat
1245 887 1326 917 ca-

51 935 157 985 stra.
190 936 316 986 Inter
351 954 462 986 eum
492 937 656 985 locum
686 939 736 985 ὅ(
772 936 974 983 Fidenas
995 973 1011 994 ,
1045 936 1326 984 Veientium

54 1007 290 1054 exercitus
320 1004 537 1053 Tiberim
561 1003 819 1052 transierat.
845 1003 908 1050 Hi
937 1004 988 1051 &
1015 1007 1061 1051 in
1093 1006 1190 1052 acie
1215 1022 1328 1068 pro-

53 1089 118 1138 pe
154 1073 334 1120 flumen
354 1054 563 1121 {enuere
584 1073 816 1121 ‘dextrum
847 1089 1030 1118 cornu:
1065 1075 1113 1118 in
1147 1071 1328 1121 finistro

54 1139 312 1189 Fidenates
361 1142 557 1205 propius
614 1155 805 1188 montes
843 1137 1114 1188 consistunt.
1155 1139 1329 1188 Tullus

49 1209 286 1256 adversus
311 1207 575 1256 Veientem
617 1207 803 1256 hostem
834 1206 991 1272 dirigit
1020 1206 1156 1256 suos:
1183 1208 1331 1255 Alba-

55 1293 146 1324 nos
181 1290 346 1324 contra
372 1276 616 1342 legionem
653 1276 952 1324 Fidenatium
978 1275 1203 1324 collocat.
1239 1275 1326 1323 Al·
1374 1294 1516 1337 Mmgg

61 1344 188 1392 bano
216 1361 314 1391 non
343 1344 446 1409 plus
471 1345 614 1391 animi
634 1361 731 1392 erat
751 1381 765 1402 ‚
789 1343 931 1409 quem
953 1341 1063 1391 fidei
1084 1362 1097 1402 ;
1116 1359 1204 1392 nec
1224 1361 1325 1392 ma·
1339 1359 1524 1416 perfidia,

59 1428 173 1460 nere
203 1428 319 1478 ergo
344 1449 357 1471 ‚
391 1428 479 1460 nec
509 1411 702 1460 tranfire
747 1412 909 1476 aperte
943 1410 1075 1459 ausus
1097 1449 1111 1470 ‚
1157 1411 1326 1460 sensim

59 1479 121 1527 ad
154 1497 344 1528 montes
375 1478 601 1528 succedit.
636 1480 751 1528 Inde
785 1481 865 1527 ubi
898 1478 1003 1528 satis
1037 1477 1200 1527 subisse
1233 1479 1329 1530 sese

60 1563 187 1596 ratus
220 1545 320 1607 est,
355 1563 375 1613 5
416 1550 549 1614 erigit
584 1565 737 1597 totam
776 1541 931 1595 'aciem
972 1546 1330 1613 :flufiiuansque

62 1618 258 1676 animo,
297 1630 345 1663 ut
387 1631 562 1664 tereret
612 1633 835 1681 tempus,
869 1615 1062 1663 ordines
1108 1616 1334 1680 explicat.

62 1681 331 1732 Consilium
364 1699 462 1732 erat
483 1722 497 1742 ‚
532 1684 623 1749 qu&
653 1684 843 1733 fortuna
863 1701 964 1732 rem
995 1684 1161 1743 daret,
1181 1684 1238 1731 eii
1261 1686 1335 1731 in·
1361 1697 1364 1700 ·

65 1746 242 1799 clinare
270 1753 414 1800 vires·
441 1751 675 1801 Miraculo
707 1755 862 1817 primo
884 1750 975 1800 effe
996 1750 1230 1799 Romanis
1255 1752 1336 1817 qui

66 1821 274 1884 proximi
308 1818 561 1878 steterant,
596 1835 645 1867 ut
686 1820 852 1867 nudari
886 1821 1031 1868 latera
1067 1819 1141 1867 sua
1179 1819 1336 1868 socio-

68 1904 172 1935 rum
207 1885 406 1953 digreffu
427 1886 662 1936 senserunt
682 1904 696 1942 ;
719 1890 830 1936 inde
857 1904 1003 1952 eques
1031 1890 1176 1936 citato
1205 1904 1336 1952 equo

66 1957 253 2002 nuntiat
276 1957 407 2022 regi,
440 1958 568 2004 abire
602 1957 837 2004 Albanos·
874 1954 1042 2004 Tullus
1076 1957 1124 2003 in
1156 1972 1205 2004 re
1233 1970 1338 2004 tre-

24 2052 27 2055 ν
68 2023 180 2088 pida
215 2023 472 2072 duodecim
500 2026 631 2074 vovit
652 2024 680 2073 6
703 2023 853 2072 Salios
875 2062 889 2082 ‚
922 2023 1126 2089 fanaque
1166 2022 1337 2072 Pallori

68 2107 125 2147 ac
153 2089 325 2140 Pavori
352 2110 366 2149 3
397 2093 611 2158 equitem
643 2093 768 2140 clar&
804 2094 1055 2157 increpans
1090 2108 1217 2157 ¹voce
1239 2128 1254 2151 ‚
1289 2104 1342 2140 ut

133 2188 164 2225 4
199 2176 407 2217 Fidenates
448 2206 460 2223 ‚
515 2178 675 2218 colonia
735 2178 868 2219 nostro
899 2179 1133 2220 faffitatum.

73 2236 288 2292 Romana]
319 2239 511 2279 Romulus
533 2268 543 2285 ‚
576 2238 673 2279 teste
804 2253 822 2289 5
852 2240 981 2294 Erigit
1011 2240 1028 2294 ]
1062 2241 1176 2281 Stare
1211 2240 1343 2293 juben

34 2337 38 2339 .
74 2298 205 2340 Dion.
234 2300 262 2338 l.
293 2301 362 2345 11,
404 2301 603 2340 coloniam
637 2302 675 2340 in
738 2303 818 2342 Ubi
850 2301 954 2341 enim
989 2317 1129 2356 agmen
1159 2303 1297 2344 fistitur
1326 2331 1341 2353 ,

31 2370 35 2375 ’
75 2360 214 2409 urbem
232 2361 399 2401 Fidenas
423 2362 674 2409 deduxerum
739 2364 852 2402 miles
876 2365 915 2403 ὃ(
944 2377 1088 2417 corpus
1120 2365 1161 2405 ἃ
1197 2365 1343 2406 hastam

78 2421 187 2477 quod
213 2421 281 2461 suo
316 2424 411 2463 loco
445 2424 678 2476 praetermis·
742 2425 874 2480 erigit.
911 2425 974 2465 Sic
1006 2427 1110 2478 apud
1145 2441 1216 2467 nos
1245 2427 1346 2466 dici-

78 2481 160 2521 sum
190 2482 254 2522 hic
287 2487 412 2525 verbo
441 2485 587 2526 indicat
618 2486 678 2526 Li·
741 2498 804 2527 tur
828 2485 934 2539 faire
971 2486 1083 2532 alte,
1120 2489 1213 2527 olim
1238 2486 1346 2541 faire

78 2543 181 2583 vius.
223 2544 358 2599 Atque
403 2560 483 2585 non
524 2549 593 2587 abs
637 2562 679 2588 re
743 2550 860 2593 haut,
894 2549 1096 2600 quomodo
1129 2550 1249 2589 vertit
1266 2551 1345 2590 hoc

77 2603 202 2644 fuerit
237 2620 401 2648 monere
447 2608 637 2648 lestosem
670 2637 683 2657 ,
743 2611 838 2652 loco
875 2610 1134 2664 Vigenerius.

80 2665 160 2714 {102
189 2667 294 2714 idem
325 2669 366 2714 ὅ(
392 2669 496 2728 saepe
530 2671 625 2713 alias
659 2685 681 2713 a
806 2670 1018 2726 esaim]
1040 2667 1348 2729 Quicognomk
