1653 3078
439 117 1089 176 PRAEFATIO.
1356 137 1386 196 3

120 214 230 265 pers
265 213 420 258 curae,
446 215 551 264 quae
584 196 830 246 scribentis
873 197 1087 245 animum
1112 234 1128 253 ,
1165 196 1249 247 etsi
1288 217 1391 249 non

117 265 311 314 fleEiere
343 284 369 313 a
405 283 526 315 vero
545 303 559 325 ‚
584 265 839 314 sollicitum
870 278 1032 313 tamen
1065 262 1255 313 efficere
1280 267 1394 330 pos-

117 331 187 381 fit.
202 331 330 396 Quae
350 332 379 382 8
397 349 505 382 ante
526 333 772 381 conditam
792 332 1164 380 condendamve
1187 332 1353 380 urbem
1374 372 1392 394 ,

116 402 319 466 poeticis
350 402 500 468 magis
532 416 563 464 9
604 401 779 450 decora
807 399 978 449 fabulis
999 436 1013 459 ‚
1049 397 1194 464 quem
1231 400 1394 448 incor-

42 484 43 487 ’
115 469 266 533 ruptis
288 484 446 517 rerum
465 467 700 535 gestarum
734 467 1087 526 monumentis,
1111 465 1362 515 traduntur
1377 504 1394 527 ‚

118 549 175 583 ea
207 551 297 584 nec
330 534 563 586 affirmare
584 574 598 596 ‚
635 553 725 585 nec
770 533 990 584 refellere
1024 534 1074 581 in
1107 534 1270 581 animo
1307 533 1393 584 est.

119 599 280 650 Datur
313 602 414 652 haec
445 607 587 654 venia
605 603 869 669 antiquitati
889 640 902 662 ‚
922 617 973 650 ut
992 639 1006 662 ‚
1028 600 1278 650 miscendo
1301 603 1396 650 hu-

117 685 260 717 mana
288 670 460 721 divinis
481 709 496 730 ,
526 672 788 737 primordia
825 669 1012 718 urbium
1030 668 1299 736 augustiora
1323 667 1397 718 fa·

119 738 231 785 ciat.
254 736 342 798 Et,
363 737 395 786 fi
420 742 492 787 cui
514 739 700 804 populo
723 739 866 786 licere
892 751 1089 802 oportet
1114 736 1397 786 consecrare

119 805 329 870 origines
361 804 461 854 suas
482 843 496 864 ‚
528 806 579 854 &
602 806 662 854 ad
695 806 813 854 deos
846 804 1024 853 referre
1051 805 1300 862 au&ores;
1333 822 1392 854 ea

120 870 234 920 beili
267 873 416 938 gloria
447 872 511 934 est
530 873 712 939 populo
745 872 973 920 Romano
991 909 1004 931 ,
1026 889 1074 919 ut
1094 890 1241 937 quum
1260 873 1396 920 suum

121 939 478 1007 conditorisque
505 940 569 988 sui
590 955 840 1006 parentem
863 939 1072 987 Martem
1099 937 1397 1005 potissimum

55 1011 65 1026 '
120 1003 274 1067 ferat,
303 1020 402 1055 tam
452 1008 506 1056 &
540 1008 633 1057 hoc
674 1022 842 1074 gentes
889 1007 1109 1054 humanae
1155 1007 1397 1073 patiantur

120 1090 260 1138 aequo
289 1076 484 1135 animo,
522 1076 666 1140 quem
709 1076 964 1140 imperium
1005 1077 1261 1138 patiuntur.
1298 1074 1397 1123 Sed

120 1140 224 1189 haec
258 1141 310 1190 &
332 1142 404 1190 his
434 1141 631 1202 similia,
670 1157 727 1190 10
768 1157 1028 1207 utcumque
1070 1142 1398 1191 animadversa

122 1223 204 1257 aut
243 1208 504 1257 existimata
535 1225 673 1259 erunt
692 1247 704 1267 ‚
736 1209 862 1258 haud
889 1211 936 1256 in
959 1226 1137 1274 magno
1167 1210 1397 1276 equidem

122 1293 304 1342 ponam
337 1276 620 1327 discrimine.
653 1277 734 1324 Ad
764 1278 843 1325 illa
866 1278 982 1324 mihi
1015 1295 1104 1341 pro
1132 1276 1176 1326 se
1200 1277 1398 1344 quisque

122 1345 293 1392 acriter
325 1345 542 1393 intendat
571 1346 784 1393 animum
813 1362 916 1411 quae
945 1347 1040 1392 vita
1065 1383 1078 1404 ‚
1116 1345 1195 1411 qui
1233 1363 1399 1395 mores

123 1410 300 1460 fuerint
327 1428 338 1459 ε
374 1429 459 1477 per
490 1431 609 1479 quos
662 1415 793 1461 viros
815 1450 829 1473 ‚
860 1410 1123 1477 quibusque
1166 1413 1341 1460 artibus
1381 1450 1400 1473 ‚

124 1477 260 1528 domi
279 1479 553 1547 militiaeque
570 1519 583 1540 ‚
602 1476 651 1528 &
667 1496 852 1546 partum
873 1480 921 1528 <Sc
938 1478 1120 1527 anetum
1140 1481 1398 1546 imperium

125 1544 196 1595 fit.
228 1545 445 1598 Labente
479 1548 654 1598 deinde
691 1548 918 1616 paulatim
952 1546 1195 1613 discipline
1218 1585 1232 1608 ‚
1264 1549 1403 1598 velut

133 1630 188 1663 11
229 1614 497 1665 desidentes
529 1619 686 1683 primo
729 1634 890 1667 mores
926 1615 1152 1684 sequatur
1187 1616 1348 1666 animo
1384 1635 1403 1646 ⁸

129 1691 180 1733 tis
215 1693 410 1735 historiam
448 1696 632 1736 scribenti
662 1709 731 1734 va-

131 1767 230 1794 cuus
261 1756 367 1795 omni
408 1756 502 1796 cur&
534 1767 619 1797 erat
650 1756 734 1796 ani-

129 1829 213 1856 mus
248 1829 259 1855 t
289 1831 368 1856 non
398 1817 534 1857 itidem
575 1818 732 1858 futurus

129 1887 216 1916 erat
233 1877 451 1919 Caesariana
463 1890 645 1933 tempora
659 1890 734 1919 tra-

131 1937 268 1977 stanti.

193 1999 218 2038 8
249 2001 406 2041 Ante...
440 2002 730 2044 condendam...

129 2058 275 2113 urbem]
301 2061 375 2101 His
392 2064 523 2102 verbis
542 2062 733 2118 designari

128 2121 290 2161 videtur
322 2134 480 2175 tempus
511 2123 732 2174 remotius,

132 2196 212 2235 quo
249 2183 442 2224 videlicet
476 2186 654 2225 nondum
700 2187 734 2225 is

132 2253 218 2283 etat
235 2258 366 2284 rerum
390 2245 509 2286 status
530 2276 540 2291 ‚
560 2257 603 2287 ut
622 2248 736 2286 brevi

131 2302 260 2344 Roma
282 2307 489 2347 condenda
509 2308 616 2347 foret
635 2322 645 2348 τ
667 2323 734 2359 pu-

130 2366 195 2411 tit,
218 2375 375 2420 tempus
405 2379 498 2409 ante
519 2368 734 2410 Romul-um

135 2436 287 2466 natum.

195 2499 220 2538 9
235 2487 426 2541 Decora]
442 2488 574 2545 Magis
589 2504 736 2531 conve·

135 2547 288 2590 nientia
319 2551 488 2602 poeticis
506 2552 705 2606 figmentis
723 2581 734 2599 ‚

90 2645 101 2654 τ
135 2610 558 2665 φιὲιηίηςοττυρῐεδζ
575 2613 738 2655 sincerae

135 2683 268 2713 tetum
312 2672 506 2730 gestarum
550 2674 740 2719 historiae.

794 1697 959 1736 Decora
975 1693 1128 1748 fabulis
1145 1723 1155 1740 ,
1193 1655 1403 1748 quomodg

795 1758 894 1797 infre
913 1770 974 1800 sc-
995 1768 1068 1805 42.
1091 1755 1207 1795 Hunc
1228 1758 1403 1796 ordinem

795 1817 961 1873 velpacz‘
974 1818 1149 1857 decorum
1165 1846 1175 1865 ,
1197 1818 1261 1857 vel
1276 1818 1401 1859 bello·

863 1892 913 1920 10
935 1877 1164 1933 Utcumque]
1188 1878 1402 1932 Utcumque

795 1938 1063 1993 animadversa
1092 1969 1102 1987 ‚
1148 1941 1174 1980 i.
1217 1955 1253 1979 e.
1298 1955 1401 1994 quo-

796 2002 999 2056 quomodo
1018 2001 1066 2040 ad
1084 2016 1129 2041 ea
1150 2001 1370 2042 attenderis
1389 2029 1404 2049 ,

795 2063 875 2103 five
906 2063 1052 2102 acriter
1069 2091 1078 2108 ‚
1100 2061 1178 2102 sive
1197 2064 1406 2117 negligen-

796 2123 888 2165 tius.
921 2123 1133 2177 Utcumque
1155 2124 1374 2175 existimata
1391 2151 1408 2170 ,

767 2236 770 2238 v
797 2187 824 2226 i.
849 2200 886 2226 e.
910 2186 1197 2239 quoquomodo
1214 2186 1261 2225 de
1282 2186 1325 2226 iis
1339 2184 1408 2238 ju·

800 2247 994 2287 dicavetis
1015 2275 1026 2294 ‚
1056 2247 1133 2286 five
1166 2261 1262 2287 vera
1283 2276 1293 2295 ,
1324 2245 1410 2286 five

799 2308 893 2349 falsa
916 2308 1136 2361 putaveris.

866 2383 880 2410 1
900 2382 912 2408 ι
931 2368 1192 2421 Defidenzes]
1213 2368 1409 2408 Patssmim

798 2431 874 2470 labi
901 2431 1156 2484 incipientes.
1176 2429 1409 2469 Transsatio,

801 2491 913 2532 <iusta
930 2493 977 2530 ab
997 2492 1041 2532 iis
1060 2523 1070 2540 ,
1098 2506 1184 2543 quae
1203 2491 1282 2529 leni
1315 2503 1404 2529 mo-

800 2562 843 2592 tu
878 2554 916 2592 in
953 2553 1075 2593 semet
1111 2552 1406 2604 deprimuntur.

800 2615 1036 2670 Deli-dentes
1055 2613 1118 2656 hic
1143 2627 1164 2653 a
1185 2610 1336 2668 defidcu
