1668 3078
291 90 387 146 xiv
568 83 1238 143 PRAEFATJQ

293 167 563 234 jucunditas
585 206 601 228 ‚
640 170 693 217 &
730 169 958 233 limpidus
995 171 1122 217 nitor
1156 205 1171 228 9
1220 165 1302 233 qui
1351 163 1406 216 &
1447 181 1567 233 per-

295 237 531 301 spicuitati
567 237 772 296 serviat,
810 254 899 284 nec
946 251 1102 285 careat
1124 272 1139 295 ‚
1174 237 1256 283 ubi
1292 252 1414 300 opus
1459 233 1526 283 est
1551 270 1569 294 ‚

297 304 499 363 nervis;
535 322 635 352 non
664 306 831 368 inepto
863 305 1060 352 tumidae
1090 304 1320 351 orationis
1352 299 1468 352 fastu
1488 303 1571 349 in·

297 372 465 431 flatu8‚
494 371 575 420 sed
606 371 741 419 simul
773 370 1083 435 simplicitatis
1107 408 1121 428 ‚
1146 369 1282 418 simui
1314 369 1572 417 munditia-

297 457 404 488 rum
428 456 619 487 memor
641 456 656 498 ·,
676 440 757 504 qui
781 438 999 503 aequabili
1029 439 1163 486 velut
1194 437 1278 485 filo
1306 437 1536 486 deductus
1554 472 1591 499 ,-

298 523 375 556 res
406 505 554 573 gestas
589 508 651 554 ita
679 509 875 554 naturali
911 505 1123 572 quodam
1163 507 1332 554 ordine
1362 505 1574 571 explicet

298 575 528 641 paulatim
554 577 613 622 δ’(
648 577 827 639 aperiat
849 612 864 631 ,
898 574 963 621 ita
999 575 1220 622 exhibeat
1259 574 1423 620 omnia
1453 572 1573 620 locis

297 642 691 708 temporibusque
724 639 965 702 distinfflzx,
992 644 1056 689 ira
1102 642 1208 688 suos
1242 642 1402 689 allinat
1432 639 1574 688 rebus

303 710 358 760 δὲ
391 709 605 776 personis
639 709 827 757 colores
851 746 864 767 ‚
902 726 953 757 ut
995 709 1159 757 coram
1197 711 1272 775 agi
1307 709 1534 773 cernique
1558 743 1575 765 ‚

298 796 398 826 non
435 777 636 826 describi
670 794 744 825 res
787 777 1067 842 auribusque
1100 778 1251 842 accipi
1287 772 1579 824 videantur?

303 844 443 909 Quid
483 846 643 893 dicere
677 863 799 909 opus
838 843 906 892 est
949 845 1008 892 de
1044 844 1312 892 incredibili
1340 843 1419 892 illa
1456 859 1580 891 con-

304 916 501 962 cionum
537 911 637 976 ejus
671 913 720 959 &
751 915 1023 960 orationum
1053 914 1362 978 eloquentia,
1393 912 1442 958 in
1470 911 1581 975 qui-

302 981 392 1030 bus
428 983 628 1029 eximius
660 979 858 1046 scriptor
897 981 1075 1028 nullam
1106 998 1206 1027 non
1249 976 1473 1044 expreffit
1507 977 1581 1025 di-

304 1049 447 1097 cendi
475 1048 670 1097 laudem
704 1046 720 1094 ?
756 1047 809 1096 In
840 1049 893 1095 iis
926 1046 1203 1106 sententiae,
1239 1062 1341 1095 tum
1375 1046 1581 1113 gravita-

304 1131 354 1165 te
376 1153 390 1176 ‚
425 1132 528 1164 tum
563 1117 782 1164 acumine
831 1116 1214 1175 commendatae,
1252 1117 1448 1181 egregio
1490 1129 1582 1162 ve-

304 1182 498 1232 stiuntur
525 1187 825 1249 optimorum
847 1182 1298 1248 leffiffimorumque
1323 1180 1582 1247 splendore

305 1252 588 1301 verborum.
617 1251 719 1300 Jam
761 1270 850 1317 pro
886 1267 1277 1318 argumentorum
1316 1251 1599 1308 varietate,-

305 1320 457 1368 modo
513 1318 712 1368 exsultat
754 1319 975 1368 audacius
1032 1320 1188 1368 oratio
1229 1355 1243 1376 ‚
1288 1317 1340 1365 &
1400 1318 1581 1384 grande

307 1386 483 1453 aliquid
522 1406 594 1434 ac:¹
621 1386 821 1436 sublime
872 1387 1038 1446 sonat,
1077 1386 1226 1435 modo
1270 1383 1582 1433 summiffiore

309 1455 523 1521 quodam
564 1455 614 1503 ὅ(
652 1453 942 1504 modestiore
984 1454 1115 1503 cursu
1140 1492 1154 1513 ‚
1191 1454 1376 1517 semper
1417 1467 1581 1501 tamen

312 1541 420 1571 cum
449 1523 656 1588 quadam
688 1523 950 1589 dignitate,
985 1521 1146 1571 fertur.
1184 1520 1314 1568 Nihil
1342 1521 1462 1569 verb
1491 1521 1585 1567 mi·
1620 1544 1626 1549 ·

311 1591 537 1648 rabinos,
575 1590 717 1655 quam
750 1591 1004 1656 quomodo
1039 1589 1260 1643 versatile
1309 1590 1486 1653 pariter
1523 1587 1584 1635 ad

313 1660 479 1706 omnia
528 1656 766 1723 scriptoris
813 1660 1058 1725 ingenium
1088 1695 1103 1719 ‚
1147 1674 1317 1706 eorum
1367 1658 1585 1704 omnium

312 1744 434 1792 quos
464 1726 719 1792 loquentes
743 1724 885 1785 facit,
917 1725 1080 1775 senum
1107 1743 1160 1773 ac
1188 1723 1417 1788 juvenum
1441 1761 1455 1783 ‚
1486 1725 1587 1788 pri·

310 1808 537 1843 vatorum
563 1793 986 1864 magistratuumve
1006 1832 1022 1852 ‚
1052 1792 1387 1841 Romanorum
1414 1791 1464 1839 &
1497 1791 1588 1838 ho-

313 1860 480 1918 stium,⁴
517 1860 701 1920 senius,
733 1864 953 1921 animos,
987 1862 1174 1909 habitus
1211 1862 1275 1907 ita
1304 1859 1460 1907 induit
1482 1896 1497 1917 ‚
1535 1872 1588 1907 ut
1660 1855 1667 1862 ⁸

314 1929 382 1978 illi
417 1927 502 1993 ipsi
541 1946 637 1977 non
670 1929 842 1979 melius
889 1930 1041 1978 modo
1079 1944 1157 1977 aut
1191 1925 1429 1976 venustius
1453 1964 1467 1986 ‚
1505 1924 1589 1974 sed

315 2013 377 2046 ne
411 1996 564 2061 aptius
592 1997 788 2062 quidem
829 1994 1166 2062 decentiusque
1212 1995 1372 2043 dicere
1405 2008 1590 2059 potue-

315 2065 426 2113 rint.
456 2062 623 2129 Itaque
659 2063 838 2128 jamdiu
868 2064 992 2113 docti
1037 2080 1207 2113 omnes
1248 2079 1427 2128 magno
1468 2079 1592 2109 con-

316 2130 449 2181 sensu
488 2134 586 2180 iere
621 2134 667 2179 in
708 2131 995 2196 Quintiliani
1028 2132 1345 2188 sententiam,
1385 2130 1465 2194 qui
1501 2128 1592 2176 Li·-

316 2201 453 2248 vium
478 2197 569 2247 effe
602 2198 779 2262 judicat
803 2237 816 2259 ‚
858 2202 1009 2264 Quum
1042 2202 1089 2247 in
1115 2200 1335 2247 narrando
1373 2199 1489 2244 mirae
1512 2194 1596 2261 ju-

176 2296 294 2339 Livfo
322 2269 571 2316 cztnditatis
595 2268 901 2332 clanſjimique
931 2270 1171 2324 candoris,
1207 2281 1299 2313 tum
1334 2266 1380 2312 in
1408 2266 1591 2311 concio-

117 2358 270 2398 crimini

324 2336 458 2383 nibus
478 2332 617 2398 supra
644 2336 777 2399 qurim
811 2338 1002 2382 enarrari
1027 2336 1167 2400 potest
1207 2333 1491 2400 eloquentem.

115 2422 314 2459 Aaronom·
394 2400 463 2449 Ex
495 2401 584 2450 illis
622 2415 784 2450 tamen
835 2401 1133 2450 orationibus
1172 2402 1350 2448 crimen
1390 2399 1438 2446 in
1479 2413 1593 2447 eum

116 2479 243 2519 tiones
273 2481 309 2521 Θ
327 2471 500 2530 oritur,
523 2483 767 2534 tamquam
793 2470 914 2518 iniis
952 2471 999 2517 ὅ(
1024 2468 1169 2517 fidem
1202 2465 1403 2515 historiae
1423 2465 1595 2530 negle-

116 2541 279 2582 concio-
324 2539 478 2596 xerir,
507 2535 557 2584 &
597 2535 843 2585 excesserit
878 2538 1094 2585 modum.
1131 2535 1239 2583 Nec
1265 2533 1448 2583 levibus
1484 2531 1592 2579 sane

116 2615 201 2644 nes·

321 2603 587 2656 auctoribus
616 2604 715 2655 haec
761 2606 1028 2655 criminatio
1070 2604 1259 2663 nititur,
1294 2620 1320 2652 a
1355 2599 1592 2666 Pompeio
