1643 3078
411 189 764 244 LIBER
861 190 1016 246 ΙΙΙ.
1167 205 1331 265 ‘323

66 284 177 315 nam
207 266 356 316 aciem
385 265 544 317 Sabini
572 267 738 316 videre
759 303 774 326 ,
809 265 860 314 ὃ(
889 265 974 331 ipsi
1017 265 1112 328 jam
1150 270 1338 333 pridem
1353 281 1544 336 U,0,306,

63 337 194 383 avidi
219 336 487 383 certaminis
510 334 796 400 procedunt.
825 331 1042 380 Praelium
1064 333 1151 383 fuit
1167 372 1180 393 3
1199 336 1340 401 quale
1356 337 1545 389 {QG-44⁶·

66 403 188 450 inter
220 401 426 451 fidentes
462 401 647 450 sibimet
679 402 848 450 ambos
885 403 1118 457 exercitus
1155 418 1168 459 3
1203 417 1346 451 vete-

66 471 127 517 ris
170 485 514 535 perpetuaeque
544 470 743 518 alterum
778 467 942 535 gloriae
969 504 982 526 ,
1017 468 1220 516 alterum
1259 488 1347 517 nu·-

67 553 155 601 per
188 537 319 585 nova
351 537 547 585 νίξὶοῑὶὲι
583 539 776 586 elatum.
810 533 1028 584 Consilio
1071 536 1215 583 etiam
1253 535 1348 583 Sa·-

30 636 35 639 -
67 604 167 652 bini
184 606 308 652 vires
327 603 556 668 adjuvere
575 622 588 664 3
607 622 715 652 nam
735 620 880 670 quum
897 600 1148 668 aequassent
1164 604 1316 651 aciem
1332 640 1348 663 ,

68 671 167 719 duo
188 688 319 737 extra
341 673 561 721 ordinem
584 672 727 720 millia
743 711 757 733 ,
781 687 887 737 quae
909 672 956 718 in
978 668 1203 718 sinistrum
1241 687 1353 718 cor-

68 755 132 786 nu
168 737 505 788 Romanorum
543 741 592 786 in
632 738 731 804 ipso
776 740 1034 786 certamine
1076 736 1352 803 impressio-

72 823 182 854 nem
205 806 419 855 facerent
435 845 447 866 ‚
471 823 666 856 tenuere
688 823 702 866 3
722 823 826 872 quae
848 807 928 853 ubi
952 806 1091 853 illatis
1124 822 1182 853 ex
1201 805 1355 854 trans-

64 872 207 922 verso
234 873 372 940 signis
403 875 729 941 degravabant
767 890 920 938 prope
970 874 1354 922 circumventum

71 958 224 989 cornu
251 944 463 1008 :equites
494 941 693 990 duarum
726 941 973 1006 legionum
1010 940 1218 989 sexcenti
1252 941 1354 991 fere

71 1024 133 1057 ex
182 1012 316 1074 equis
374 1007 592 1058 desiliunt
629 1047 643 1069 ,
697 1007 1071 1073 cedentibusque
1119 1006 1214 1071 jam
1265 1009 1355 1057 suis

71 1077 336 1142 provolant
372 1079 420 1125 in
442 1078 678 1143 primum⁹
711 1075 940 1141 simulque
971 1076 1021 1123 ὅ(
1054 1075 1239 1124 hostise
1266 1094 1357 1142 op-

70 1159 290 1209 ponunt,
319 1145 400 1203 &‚
433 1160 621 1210 aequato
647 1145 851 1208 primum
879 1143 1096 1208 periculo
1115 1180 1128 1202 ‚
1162 1143 1351 1208 pudore

71 1211 248 1260 deinde
271 1249 288 1269 ‚
319 1214 503 1259 animos
528 1212 742 1277 peditum
783 1210 1068 1259 accendunt.
1089 1210 1352 1260 Verecun-

72 1279 164 1326 diae
206 1293 343 1338 erat,
386 1281 598 1344 equitem
636 1277 716 1326 suo
764 1279 1018 1343 alienoque
1059 1278 1217 1327 Marte
1260 1296 1359 1344 pu-

74 1362 221 1412 gnare
255 1362 268 1406 3
304 1346 521 1415 peditem
557 1364 616 1394 ne
648 1346 709 1394 ad
740 1346 890 1412 pedes
915 1346 1109 1412 quidem
1136 1345 1356 1413 degresso

72 1416 221 1480 equiti
263 1431 427 1476 parem
462 1412 571 1462 esse.

143 1480 319 1528 LXIH.
339 1481 538 1529 Vadunt
574 1482 716 1547 igitur
751 1480 797 1527 in
820 1480 1035 1545 praelium
1063 1480 1121 1528 ab
1149 1479 1225 1530 sua
1246 1499 1352 1547 pat-

71 1562 120 1596 te
153 1547 402 1608 omissum,
443 1549 490 1597 ὅ(
525 1550 687 1597 locum
719 1564 776 1595 ex
815 1566 912 1613 quo
950 1546 1177 1596 cesserant
1206 1566 1352 1615 repe·-

71 1630 178 1665 tunt
202 1634 212 1664 :
237 1633 589 1680 momentoque
613 1634 711 1664 non
738 1615 945 1665 restituta
973 1616 1123 1664 modo
1154 1634 1313 1683 pugna
1331 1656 1348 1679 ‚

74 1683 156 1732 sed
188 1685 437 1733 inclinatur
474 1687 616 1732 etiam
650 1683 833 1732 Sabinis
872 1701 1035 1732 cornu.
1080 1682 1236 1749 Eques
1269 1687 1352 1732 in·-

73 1765 145 1800 ter
188 1752 382 1800 ordines
422 1753 637 1817 peditum
676 1751 825 1800 tesius
862 1751 907 1800 se
946 1751 1002 1798 ad
1048 1768 1199 1817 equos
1229 1753 1353 1801 reci-

75 1821 147 1884 pit
173 1835 187 1878 3
218 1820 477 1868 transvolat
514 1821 625 1867 inde
667 1821 715 1866 in
761 1834 948 1882 partem
987 1817 1219 1879 alteram,
1261 1819 1352 1868 suis

73 1886 286 1936 vi&oriae
318 1889 509 1941 nuntius
543 1905 552 1934 :
586 1886 720 1935 simul
760 1889 805 1934 ἃ
845 1889 888 1934 in
940 1884 1096 1935 hostes
1132 1885 1227 1952 jam
1259 1905 1353 1954 pa-

75 1955 218 2003 vidos
238 1993 251 2015 ‚
271 1958 449 2020 quippe
479 1954 580 2002 fuso
618 1954 706 2002 suae
741 1955 882 2018 partis
909 1954 1142 2003 validiore
1173 1973 1352 2016 cornu,

75 2023 311 2087 impetum
337 2022 452 2071 facit
483 2040 496 2081 3
533 2040 632 2070 non
665 2023 867 2070 aliorum
906 2038 966 2069 eo
1002 2023 1166 2087 praelio
1203 2023 1353 2072 virtus

75 2092 227 2156 magis
265 2093 450 2138 enituit.
490 2089 671 2138 Consul
718 2088 974 2154 providere
1007 2092 1168 2138 omnia
1195 2128 1207 2150 ‚
1245 2092 1357 2138 lau-

79 2156 422 2216 dare'fortes,
465 2158 709 2222 increpare
751 2156 896 2204 ficubi
947 2156 1138 2223 segnior
1193 2176 1355 2225 pugna

78 2222 210 2272 effet.
243 2223 470 2291 Castigati
504 2224 701 2272 fortium
728 2223 879 2272 statim
913 2226 1126 2273 virorum
1150 2243 1354 2291 operam

75 2292 331 2340 edebant:
386 2294 668 2358 tantumque
722 2293 810 2338 hos
868 2292 1024 2357 pudor
1061 2329 1075 2352 ‚
1120 2295 1354 2358 quantum

76 2360 195 2407 alios
216 2359 377 2408 laudes
395 2361 680 2409 excitabant.
714 2358 1066 2426 Redintegrato
1104 2362 1317 2410 clamore
1336 2398 1354 2423 ,

77 2427 291 2492 undique
324 2445 494 2475 omnes
526 2429 717 2476 connixi
754 2426 937 2475 hostem
970 2441 1192 2476 avertunt
1222 2446 1231 2476 t
1265 2446 1355 2478 nec

29 2518 34 2527 ¹
77 2494 255 2543 deinde
294 2494 516 2543 Romana
535 2497 606 2544 vis
631 2493 839 2543 sustineri
866 2497 1039 2559 potuit²
1075 2495 1236 2543 Sabini
1266 2496 1356 2545 fufi
1406 2536 1409 2537 ν

77 2560 243 2628 paffim
270 2579 358 2627 per
391 2580 533 2628 agros
564 2561 708 2611 castra
739 2561 860 2611 hosti
896 2562 954 2610 ad
979 2563 1187 2628 praedam
1208 2565 1358 2612 relisi-⁷

78 2645 229 2693 quunt
251 2646 264 2687 3
289 2630 350 2678 ibi
377 2648 475 2678 non
509 2629 745 2680 sociorum
765 2666 779 2690 ,
800 2629 913 2678 ficut
934 2632 980 2677 in
1002 2630 1211 2698 Algido,
1243 2648 1318 2680 res
1337 2669 1353 2693 ‚

81 2696 164 2762 sed
215 2696 316 2746 suas
370 2698 619 2748 Romanus
677 2698 1071 2765 populationibus
1131 2716 1354 2766 agrorum

953 2764 1007 2831 Q
1044 2762 1082 2849 ij
