1689 3083
391 126 437 182 L
481 139 504 181 1
549 138 586 180 Β
631 139 667 181 Ε
712 141 753 182 R
847 128 871 183 Ι
908 128 930 184 Ι
972 126 1012 181 Ι.
1223 146 1331 203 243

62 203 224 255 Patres
250 220 278 254 2
298 203 344 254 se
367 203 660 255 summoveri
686 204 812 253 haud
842 204 1058 254 sinebant
1080 222 1094 266 3
1125 224 1215 256 nec
1232 207 1540 279 fereu‚c,293‚

61 271 274 322 seniores
301 274 370 321 rei
400 276 660 322 intererant
681 290 696 331 3
721 274 901 337 quippe
937 289 1043 337 quae
1084 291 1183 321 non
1215 293 1332 324 con·
1348 280 1536 335 a.C.459‚

58 339 161 389 filio
187 341 398 406 regenda
417 377 432 399 ‚
459 340 540 388 sed
573 339 792 406 permissa
824 341 1080 388 temeritati
1100 341 1334 390 audaciae-

55 424 150 473 que
169 407 300 457 effer.
325 422 348 472 3
381 407 594 455 Muitum
615 409 665 458 &
686 407 900 457 consules
930 407 974 455 se
998 406 1296 458 abstinebant
1315 447 1331 469 ,

48 474 117 524 ⁴ne
148 478 222 524 cui
256 478 305 524 in
343 475 623 525 colluvione
668 492 827 524 rerum
865 474 1164 537 majestatem
1200 476 1329 524 suam

54 543 360 592 contumeliae
405 541 651 592 offerrent.
708 541 848 591 Caeso
899 558 1002 592 erat
1044 541 1279 606 Quintius
1311 581 1327 603 ‚
1405 554 1510 608 (ψ

51 608 190 660 ferox
237 609 426 676 juvenis
459 649 474 671 ‚
519 611 613 678 quir
664 610 916 660 n‘obilitate
967 612 1124 677 gentis
1159 648 1174 670 ‚
1232 611 1325 676 quit
1347 606 1533 680 Quiniius

51 682 272 744 corporis
299 680 626 745 magnitudine
651 695 704 725 ac
723 678 899 726 viribus
921 697 935 736 3
966 678 1027 726 ad
1048 695 1102 727 ea
1123 696 1324 728 munera

53 746 164 796 data
183 754 210 796 'a
239 748 326 795 diis
365 749 415 795 &
447 746 547 813 ipse
572 745 822 794 addiderat
846 746 994 794 multa
1020 747 1134 795 belli
1172 747 1327 795 deco-

51 832 102 863 ra
128 852 143 874 ‚
176 813 543 881 facundiamque
563 815 607 861 in
636 812 746 877 foro
772 831 787 873 3
819 829 870 861 ut
901 830 1047 861 nemo
1068 851 1081 874 ‚
1117 832 1215 862 non
1239 815 1329 863 lin-

51 883 145 949 gu&
167 920 180 942 ,
215 899 314 930 non
339 899 481 929 manu
514 884 784 948 promptior
811 883 858 928 in
886 882 1078 929 civitate
1112 882 1326 931 habere-

50 963 143 999 tur.
175 949 270 998 Hic
302 966 447 1016 quum
472 951 520 998 in
546 949 708 997 medio
727 947 920 996 Patrum
940 950 1130 1015 agmine
1153 950 1329 999 consti-

45 1015 204 1078 niret,
236 1020 449 1066 eminens
468 1019 592 1064 inter
617 1017 735 1064 alios
761 1054 778 1074 ,
809 1018 944 1065 velut
976 1034 1147 1067 omnes
1181 1017 1328 1067 dieta-

48 1100 177 1133 turas
210 1083 570 1151 consulatusque
605 1101 776 1151 gerens
807 1086 856 1132 in
891 1101 1016 1135 voce
1054 1103 1109 1132 ae
1144 1086 1324 1136 viribus

46 1151 137 1202 suis
166 1190 181 1212 ‚
204 1152 346 1201 'unus
395 1155 602 1218 impetus
650 1153 920 1201 tribunitios
969 1153 1324 1220 popularesque

41 1219 282 1288 'procellas
309 1219 578 1270 sustinebat.
608 1220 719 1269 Hoc
746 1220 867 1269 duce
885 1258 897 1280 ‚
929 1219 1050 1286 saepe
1075 1220 1190 1286 pulsi
1209 1221 1323 1271 foro

44 1289 254 1349 tribuni,
292 1287 388 1337 fusa
421 1307 477 1338 ac
512 1288 670 1356 fugata
719 1288 853 1354 plebs
889 1286 992 1347 est;
1029 1291 1109 1355 qui
1147 1290 1322 1338 obvius

44 1356 199 1407 fuerat
223 1395 237 1418 ‚
266 1358 498 1406 mulcatus
542 1357 838 1423 nudatusque
884 1357 1044 1404 abibat
1073 1375 1082 1405 ε
1130 1372 1180 1405 ut
1215 1356 1322 1406 satis

37 1442 298 1492 appareret
317 1463 332 1486 ,
365 1424 397 1473 fi
423 1424 482 1474 fic
507 1427 582 1493 agi
601 1426 765 1474 liceret
785 1463 798 1483 ,
828 1422 1001 1473 vifiarn
1027 1425 1188 1492 legem
1208 1425 1320 1474 effe.

46 1491 176 1543 Tum
198 1510 351 1560 prope
380 1492 476 1556 jam
497 1492 721 1558 perculsis
742 1493 839 1540 aliis
861 1492 1059 1540 tribunis
1076 1530 1090 1550 ,
1124 1493 1186 1541 A.
1206 1493 1321 1542 Vir-

44 1563 197 1628 ginius
221 1598 236 1621 ‚
269 1577 328 1608 ex
362 1562 567 1627 collegio
590 1578 709 1608 unus
733 1598 746 1618 ‚
784 1559 975 1609 Caesoni
997 1561 1164 1624 capitis
1188 1560 1320 1609 diem

44 1628 159 1678 dicit
179 1646 193 1688 ;
224 1643 358 1677 atrox
377 1632 618 1696 ingenium
640 1628 920 1676 accenderat
942 1644 1004 1675 eo
1022 1626 1148 1676 facto
1169 1630 1318 1694 tnagis

31 1698 188 1764 *quem
235 1711 562 1745 conterruerat
598 1714 606 1742 :
657 1713 718 1744 eo
754 1697 903 1743 acrius
945 1693 1130 1744 obstare
1168 1696 1265 1763 legi
1299 1733 1315 1756 ‚

38 1767 222 1832 ‘agitare
261 1764 492 1828 plebem}
526 1764 741 1812 tribunos
773 1765 907 1812 velut
946 1761 1068 1826 justo
1096 1763 1316 1829 persequi

40 1833 193 1882 bello.
228 1831 491 1880 Accusator
517 1834 613 1898 pati
646 1848 781 1881 reum
808 1846 943 1879 ruere
971 1869 984 1890 ‚
1021 1832 1315 1897 invidiaeque
1364 1838 1421 1879 Εἰ
1444 1839 1527 1884 dies

41 1900 284 1950 flammam
310 1917 364 1948 ac
400 1903 649 1948 materiam
671 1917 703 1957 4
729 1900 1003 1948 criminibus
1027 1898 1115 1946 suis
1150 1899 1314 1965 suggff-
1333 1901 1494 1944 dicitur.

39 1986 179 2018 rere:
206 1969 368 2035 legem
398 1970 616 2025 interim,
642 1986 741 2016 non
773 1982 872 2016 tam
897 1967 957 2014 ad
980 1966 1114 2032 spem
1149 1967 1315 2033 perfe-

36 2038 210 2098 rendi,
246 2036 390 2101 quum
421 2036 481 2084 ad
519 2034 834 2084 lacessendam
868 2033 1083 2084 Caesonis
1121 2038 1322 2085 temeri-

37 2118 186 2154 ¹tatem
205 2142 217 2162 .‚
255 2103 398 2152 ferre.
433 2103 502 2152 Ibi
539 2105 687 2152 multa
715 2104 838 2170 saepe
865 2105 925 2151 ab
953 2101 1206 2167 juventute
1234 2107 1315 2152 in-

40 2172 251 2221 consulte
279 2171 402 2220 dic‘ha
433 2171 650 2237 factaque
672 2210 688 2230 ,
724 2174 772 2220 in
806 2175 942 2219 unius
975 2169 1186 2220 Caesonis
1221 2172 1316 2221 sus·

38 2240 229 2307 pectum
259 2240 474 2288 incidunt
506 2242 786 2306 ingenium3
818 2256 981 2289 tamen
1008 2240 1105 2308 iegi
1129 2239 1316 2290 refiste·

103 2378 128 2405 2
150 2363 201 2404 Se
215 2361 442 2415 summoveri
473 2365 641 2420 haudfi-
771 2376 790 2417 3
813 2364 1041 2404 Multam...
1064 2362 1108 2419 se
1145 2365 1314 2414 abstine-

37 2425 212 2477 neba'zt]
249 2426 439 2465 Nimirum
460 2427 645 2469 obstinati
707 2425 835 2480 bane]
862 2427 1009 2480 Magn&
1034 2427 1126 2465 cur&
1145 2426 1181 2465 se
1202 2426 1314 2466 absti-
1367 2438 1370 2441 '

38 2487 79 2529 in
116 2487 260 2527 eodem
291 2486 457 2541 vestigio
497 2490 644 2541 persta-
706 2489 854 2528 nebant
874 2490 923 2526 ab
944 2489 1002 2526 his
1022 2488 1166 2527 turbis.

39 2550 132 2589 bant
154 2562 240 2587 cum
270 2548 474 2588 clientium
498 2565 643 2598 manu,
767 2563 796 2598 4
829 2549 1059 2589 Criminibus
1080 2546 1190 2600 suis]
1223 2546 1315 2589 Cria

38 2611 90 2651 ne
119 2610 288 2664 populus
322 2610 360 2649 se
395 2610 434 2649 in
468 2610 552 2654 suas
575 2613 644 2656 tti-
705 2611 986 2654 minationibus
1009 2610 1243 2651 tribunitiis.

37 2671 114 2712 bus
143 2672 328 2726 digerere
358 2671 505 2727 poffet.
