1704 3073
335 157 452 213 204
616 133 670 192 T
713 149 734 189 1
775 147 816 189 T
860 146 882 186 1
985 127 1031 183 L
1075 139 1099 180 1
1143 137 1190 178 v
1232 136 1254 177 1
1297 132 1322 175 1

129 239 321 293 0327&
337 221 404 270 sul
426 213 668 268 habuisset.
690 231 721 273 4
739 211 862 261 Eum
883 204 1160 275 oppressere
1181 220 1191 251 :
1214 216 1361 268 quum
1379 195 1432 246 &
1447 193 1615 244 Patres’

130 287 467 350 a.C.474.'haud
486 287 640 335 minus
661 281 803 348 quam
837 296 927 345 pro
951 274 1219 324 Coriolano
1246 267 1407 317 annixi
1430 262 1578 313 effent
1596 297 1613 322 ‚

340 358 394 405 &
420 355 564 422 patris
587 352 814 418 Agrippae
846 345 986 393 favor
1019 341 1145 389 haud
1176 339 1290 387 dum
1320 329 1617 383 exoleviffet.

332 423 392 474 In
416 420 588 472 mule
615 426 944 482 temperarunt
975 409 1180 457 tribuni:
1213 420 1233 470 5
1269 419 1417 470 quum
1446 399 1613 464 capitis

339 488 639 557 anquisissent
662 523 675 544 ‚
711 486 740 532 6
774 484 869 530 duo
896 479 1042 527 millia
1065 477 1165 523 aeris
1195 474 1421 520 damnato
1439 483 1471 527 7
1491 465 1633 513 mul-⁷

340 559 463 608 &am
496 557 783 610 edixerunt;
821 549 849 598 8
885 566 941 597 ea
967 549 1015 593 in
1053 556 1195 608 caput
1224 540 1384 588 vertit.
1418 534 1616 600 Negant

342 624 494 676 tulisse
516 620 830 690 ignominiam
848 613 1297 682 aegritudinemque:
1315 604 1428 653 inde
1441 602 1617 650 morbo

129 690 321 758 υ·(ξ-’>·79-
343 693 645 757 absumptum
681 685 793 736 effe.
828 685 966 733 Alius
1005 679 1180 728 deinde
1210 691 1318 724 reus
1355 671 1439 736 Sp.
1462 669 1620 719 Servi-

133 749 323 797 ³·(⁴·473·
345 764 432 811 lius
456 798 470 820 ‚
506 774 557 807 ut
581 754 829 805 consulatu
853 752 965 799 abiit
984 787 998 808 ‚
1026 747 1090 796 C.
1112 745 1292 794 Nautio
1314 742 1366 789 &
1383 739 1436 787 P.
1462 736 1621 784 Vale-

146 807 200 847 C.
216 805 329 844 Nau·
371 832 379 840 .
608 828 615 836 .
773 825 781 832 .
824 823 868 831 ..
1019 818 1027 828 .
1203 814 1210 822 .
1524 805 1533 814 .
1570 805 1579 814 .

135 870 196 908 tio
252 866 280 906 Ρ
348 849 417 878 rio
441 826 711 876 consulibus
729 860 742 882 ‚
773 837 906 869 mmo
930 818 1082 866 statm‘x
1107 809 1291 873 annilab
1321 808 1376 856 L.
1399 804 1617 855 Caedicio

99 934 103 936 -
131 894 303 969 valerici
349 898 402 947 &
421 895 486 945 T.
515 894 666 944 Statio
694 891 890 939 tribunis
928 886 1003 934 die
1039 882 1160 931 ἀὶξὶὲι
1179 918 1194 941 ,
1223 895 1324 926 non
1357 889 1408 923 ut
1440 873 1619 922 Mene-

130 989 244 1037 CQff,
344 968 450 1015 nius
470 1001 484 1023 ‚
517 961 737 1029 precibus
760 957 845 1005 suis
868 970 947 1003 aut
971 953 1163 1000 patrum
1184 987 1197 1009 ,
1229 946 1311 995 sed
1331 960 1440 991 cum
1470 940 1621 988 multa

341 1033 517 1084 fiducia
549 1027 838 1078 innocentiae
868 1039 897 1088 9
935 1022 1189 1089 gratiaeque
1218 1011 1491 1063 tribunitios
1521 1009 1620 1055 im-

341 1115 486 1169 petus
525 1099 649 1147 tulit.
691 1094 751 1143 Et
793 1094 903 1141 huie
942 1089 1156 1155 praelium
1200 1100 1309 1131 cum
1347 1077 1515 1127 Tuscis
1558 1074 1620 1123 ad

339 1170 613 1221 Janiculum
646 1177 747 1212 erat
781 1161 999 1217 crimini3
1040 1155 1122 1204 sed
1153 1149 1327 1200 fervidi
1352 1146 1496 1195 animi
1516 1144 1618 1203 vin,

339 1253 395 1288 ut
430 1239 478 1284 in
511 1234 709 1301 publico
749 1227 961 1296 periculo
994 1224 1102 1272 ante
1126 1259 1141 1281 ‚
1175 1219 1239 1268 fic
1274 1231 1377 1265 tum
1407 1217 1454 1262 in
1487 1211 1569 1260 suo
1605 1247 1620 1270 ‚

339 1324 443 1356 non
463 1305 682 1352 tribunos
703 1297 857 1348 modo
875 1334 889 1356 ‚
915 1293 997 1342 sed
1020 1290 1213 1358 plebem
1238 1285 1456 1335 oratione
1475 1279 1627 1328 feroci

340 1371 601 1423 refutando
626 1408 641 1430 ,
667 1362 1107 1432 exptobrandoque
1135 1355 1201 1405 T.
1233 1351 1454 1402 Menenii
1479 1348 1623 1395 dam-

342 1443 597 1492 nationem
645 1447 951 1497 mortemque
979 1466 994 1489 ‚
1057 1423 1188 1489 cujus
1230 1421 1372 1488 patris
1422 1431 1622 1465 munere

343 1508 555 1559 restituta
578 1503 822 1572 quondam
857 1499 994 1566 plebs
1017 1533 1032 1555 ‚
1063 1511 1148 1543 eos
1173 1492 1298 1557 ipsos
1327 1485 1495 1554 quibus
1521 1497 1626 1531 tum

343 1577 533 1626 saeviret
565 1570 861 1639 magistratus
883 1605 899 1625 ,
940 1583 1018 1614 eas
1051 1563 1183 1628 leges
1216 1557 1415 1606 haberet
1440 1590 1455 1613 ‚
1502 1550 1629 1617 peri-

346 1645 512 1694 culum
534 1640 730 1689 audacia
749 1633 951 1686 discuffit
975 1651 989 1692 3
1026 1629 1147 1696 juvit
1171 1627 1223 1676 &
1248 1623 1495 1690 Virginius
1517 1617 1627 1666 col-

345 1714 459 1780 lega
501 1708 628 1759 testis
673 1703 932 1774 produehis
966 1739 981 1762 ‚
1033 1692 1367 1766 participando
1423 1686 1625 1737 laudes:

409 1828 438 1865 4
456 1813 556 1854 Eum
576 1808 822 1867 oppreffere]
845 1807 956 1861 Lege

347 1876 485 1933 potuis
523 1889 536 1915 t
573 1888 649 1920 ea,
681 1884 825 1925 nempe
859 1868 958 1908 invi-

349 1939 415 1979 dia
437 1967 448 1986 ,
482 1933 680 1990 oppreffit.

419 2013 437 2049 5
467 1998 594 2054 Quum
617 1993 759 2050 capitis
778 1986 961 2045 anquifis-

345 2059 469 2118 sent]
495 2059 630 2111 Quum
660 2059 772 2096 litem
791 2053 827 2093 ei
854 2052 958 2105 capi-

351 2125 476 2164 talem
499 2117 754 2160 intendissent
774 2144 785 2163 ,
804 2114 881 2154 slve
902 2112 962 2164 ju-

352 2184 502 2224 dicium
525 2183 574 2221 de
596 2180 727 2234 capite
752 2176 838 2232 ejus
860 2173 961 2215 insti-

353 2243 534 2287 tuiffent.

418 2305 445 2346 6
464 2304 563 2345 Duo
579 2301 706 2343 millia
722 2299 832 2351 aeris]
849 2296 960 2337 Affes

355 2380 476 2411 2000
504 2364 680 2405 aestimari
705 2361 860 2416 possunt
893 2358 961 2397 tri·

353 2431 430 2471 bus
472 2425 628 2481 argenti
673 2423 812 2463 marcis
851 2419 964 2460 Pari-

356 2489 542 2534 fiensxbus
573 2500 662 2526 cum
693 2499 767 2523 una
797 2482 928 2521 uncia.

420 2565 448 2603 7
484 2548 673 2589 Mulffam
705 2545 909 2584 edixerunt
938 2541 956 2594 ]

357 2612 495 2667 Magis
518 2612 696 2664 placeret
711 2634 722 2649 .
743 2605 924 2644 dixerunt
942 2616 960 2649 ‚‘

353 2674 408 2716 fic
429 2673 531 2715 enim
552 2671 654 2714 solet
672 2667 830 2711 Livius.

1086 1799 1109 1840 8
1131 1798 1194 1839 Ea
1210 1797 1251 1838 in
1269 1806 1384 1849 caput
1401 1789 1520 1831 vertit
1535 1790 1551 1842 ]
1569 1788 1627 1829 Ea

1021 1861 1162 1903 muICla
1199 1856 1377 1911 capitalis
1411 1853 1467 1894 illi
1507 1850 1583 1891 fuit
1611 1863 1626 1898 3

1023 1923 1162 1966 mortis
1193 1919 1306 1960 causa
1335 1917 1390 1956 illi
1415 1914 1506 1954 fuit.

1087 1977 1366 2038 9Gratiaeque]
1387 1971 1631 2027 Intempesti-

1025 2062 1075 2088 va
1092 2045 1157 2086 hic
1182 2044 1341 2084 videtur
1359 2037 1496 2093 gratiae
1521 2049 1630 2075 men·

1023 2109 1098 2149 tio.
1132 2106 1307 2159 Ecquam
1331 2101 1435 2140 enim
1463 2096 1628 2152 gratiam

1024 2168 1128 2223 apud
1157 2165 1346 2220 populum
1380 2161 1529 2200 habere
1560 2172 1651 2211 po-¹

1024 2239 1133 2271 terat
1154 2229 1214 2268 vir
1249 2228 1286 2265 in
1313 2236 1413 2277 pace
1444 2219 1631 2260 adversus

1025 2291 1193 2346 agrariae
1224 2286 1335 2341 legi,
1365 2285 1404 2323 in
1436 2282 1544 2321 bello
1571 2291 1630 2320 te-

1024 2352 1215 2393 meritatis
1248 2344 1470 2387 manifestus
1500 2341 1515 2381 ?
1544 2342 1631 2382 Ve-

1025 2416 1160 2455 niebat
1201 2413 1240 2450 in
1276 2418 1451 2448 mentem
1484 2399 1630 2454 causae-

1028 2491 1096 2531 que
1133 2503 1144 2522 ,
1192 2485 1307 2526 quam
1359 2468 1510 2508 scilicet
1561 2464 1629 2502 ille

1026 2536 1219 2591 optimam'
1234 2534 1276 2573 ὅ(
1299 2527 1530 2586 jufliffimam
1553 2523 1630 2566 effe

1026 2597 1283 2642 defenderet.
