1689 3083
422 109 466 163 L
512 125 533 162 1
581 125 615 164 Β
665 127 700 165 E
742 129 781 168 R
881 119 906 174 1
942 121 985 175 I.
1208 146 1315 184 201

16 185 26 192 '
54 179 227 247 arma)
266 181 602 247 decurrerent3
636 192 685 237 δέ
715 210 861 257 quum
884 198 1144 261 improvidi
1175 205 1324 257 effuso
1342 220 1427 265 υς,

6 244 26 317 ⁴,
55 245 184 295 cursu
229 249 413 307 infidias
463 256 587 303 circa
633 257 782 321 ipfum
835 264 922 310 iter
975 266 1150 318 locatas

1186 235 1530 338 stipe-21.C,g{g:

61 313 233 364 raffent
258 354 287 377 ‚¹
315 320 554 388 palatique
583 323 748 391 paffim
775 346 898 396 vaga
918 367 932 390 ‚
969 347 1019 380 ut
1057 333 1109 383 fit
1141 356 1325 402 pavore

4 435 7 437 ,
35 380 233 445 *injeeio
264 422 279 444 ‚
327 405 550 453 raperent
599 409 775 456 pecora
807 434 820 456 ‚
873 396 1030 448 subito
1061 418 1119 450 ex
1149 406 1321 457 insidiis

52 449 350 518 consurgitur
385 472 396 502 ε
443 457 492 505 &
540 459 724 509 adversi
759 499 774 522 ‚
828 463 878 512 ὃ(
909 467 1120 535 undique
1164 473 1321 524 hostes
1342 502 1397 544 Ve

0 515 10 523 ⁹
54 531 209 568 erant.
272 519 431 571 Primo
475 525 657 575 clamor
699 530 998 583 circumlatus
1049 541 1276 590 exterruit
1309 561 1386 604 2bu

6 578 9 580 ’
51 583 165 633 dein
204 587 299 637 tela
335 592 394 638 ab
426 596 559 641 omni
593 612 724 659 parte
757 600 1075 663 accidebant;
1105 611 1325 660 coeunti-

49 651 230 718 busque
264 654 466 707 Etruscis
494 658 592 725 jam
633 667 899 715 continenti
932 674 1121 737 agmine
1162 680 1328 727 arma-

50 731 211 768 torum
241 722 392 789 septi,
437 745 534 793 quo
576 735 725 797 magis
764 733 808 782 se
852 736 993 786 hostis
1037 740 1274 794 inferebat
1308 785 1326 807 ‚

3 782 6 786 ’
50 789 348 854 cogebantur
369 794 593 844 breviore
617 797 767 863 spatio
794 803 843 850 ὃ(
870 804 950 869 ipfi
985 808 1156 857 orbem
1189 815 1329 863 colli-

47 870 197 920 gere3
235 875 339 922 quae
364 878 438 910 res
467 864 514 910 &
539 869 828 928 paucitatem
854 888 1024 921 eorum
1051 877 1284 945 insignem
1302 921 1319 944 ,

50 921 105 970 ὃ(
124 924 477 977 multitudinem
498 929 794 984 Etruscorum
821 975 834 994 ‚
877 956 894 986 1
929 943 1252 1008 multiplicatis
1275 953 1324 998 in

47 988 177 1038 arfto
215 993 460 1044 ordinibus
483 1036 497 1058 ,
528 998 752 1051 faciebat.
798 1003 925 1054 Tum
955 1011 1122 1060 omissa
1161 1020 1326 1084 pugn&

46 1071 190 1121 quam
216 1060 262 1106 in
289 1079 460 1113 omnes
499 1083 658 1131 partes
699 1089 864 1136 parem
906 1077 1239 1144 intenderant,
1271 1090 1320 1135 in

45 1137 195 1172 unum
223 1127 385 1178 locum
405 1132 451 1180 se
480 1152 649 1184 omnes
670 1139 935 1201 inclinant3
966 1162 991 1191 2
1019 1148 1078 1194 eo
1101 1150 1182 1198 nisi
1207 1170 1322 1201 cor-

42 1194 243 1258 poribus
264 1198 497 1264 armisque
518 1241 532 1258 ,
566 1217 586 1265 3
620 1222 793 1269 rupere
819 1227 974 1261 cuneo
995 1215 1137 1265 viam.
1166 1217 1322 1270 Duxit

46 1260 124 1309 via
143 1262 191 1308 in
210 1263 389 1312 editum
414 1268 585 1318 leniter
616 1274 791 1322 collem
817 1293 831 1335 ;
871 1278 982 1329 inde
1007 1284 1158 1347 primo
1184 1288 1323 1336 resti-

0 1331 2 1333 ’
40 1339 179 1388 tere3
203 1348 317 1380 mox
349 1349 398 1381 ut
427 1335 681 1401 respirandi
713 1341 924 1404 superior
961 1348 1093 1398 locus
1120 1351 1322 1419 spatium

46 1393 218 1457 dedit,
255 1402 617 1470 recipiendique
653 1426 678 1455 a
700 1428 883 1475 pavore
912 1430 1048 1465 tanto
1079 1424 1287 1472 animum
1308 1464 1324 1486 ,

26 1465 276 1528 pepulere
298 1471 444 1518 etiam
482 1472 765 1525 subeuntes:
796 1481 1114 1552 vincebatque
1145 1493 1323 1542 auxilio

41 1529 137 1578 loci
171 1538 378 1597 paucitas
402 1576 415 1596 ,
446 1542 491 1588 ni
525 1539 640 1609 jugo
670 1547 1005 1599 circummissus
1047 1555 1227 1607 Veiens
1269 1563 1320 1610 in

24 1600 274 1656 *verticem
318 1606 453 1653 collis
496 1610 749 1671 evafisset3
807 1616 869 1663 ita
912 1617 1124 1684 superior
1168 1627 1319 1678 rursus

17 1662 186 1714 'hostis
219 1668 383 1720 facins,
413 1674 544 1723 Fabii
569 1678 671 1727 caesi
695 1681 752 1728 ad
782 1701 927 1732 unum
951 1705 1121 1738 omnes
1144 1730 1157 1751 ,
1197 1713 1320 1760 prae-

41 1729 300 1802 fidiumque
318 1755 645 1808 expugnatum
665 1765 678 1807 3
706 1764 875 1799 cccw
896 1755 1060 1818 perisse
1080 1758 1182 1807 satis
1203 1780 1318 1811 con-

40 1803 200 1851 venit:
225 1823 257 1864 4
279 1824 426 1856 unum
452 1827 471 1874 5
503 1831 655 1879 prope
682 1818 916 1881 puberem
940 1838 1078 1874 aetate
1100 1828 1316 1882 relicium

1400 444 1535 500 Caefiae

1403 520 1518 548 aentr-

1390 580 1423 607 s.

103 1908 120 1937 1
146 1897 434 1955 Idultiplicatis
464 1905 503 1943 in
536 1908 638 1946 arflo

38 1958 236 2000 ordinibus
251 1991 262 2009 J
294 1963 429 2014 Quum
450 1966 609 2007 ordines
625 1996 636 2016 ,

34 2016 115 2059 five
134 2023 251 2061 orbes
279 2023 334 2062 illi
353 2053 364 2068 ,
393 2028 533 2078 quibus
555 2029 637 2068 Ro-

3 2112 17 2137 ,1
39 2092 178 2122 manos
220 2083 462 2140 cingebant,
503 2090 637 2142 plures

35 2137 180 2182 fierent
198 2172 208 2190 ,
237 2158 453 2198 propterea
470 2148 574 2202 quod
598 2152 638 2192 in

36 2201 184 2242 arr-stum
206 2219 464 2260 cogerentur.

99 2275 125 2302 2
138 2263 200 2304 Εὸ
213 2267 298 2320 nist,
318 2269 361 2309 In
379 2284 464 2310 eam
482 2282 634 2325 partem

10 2368 16 2377 x
36 2332 226 2368 nitentes.

97 2396 120 2437 3
139 2386 292 2441 Rupere
308 2405 426 2433 cuneo
439 2392 539 2434 viam
557 2394 571 2445 ]
592 2396 634 2435 In

38 2457 208 2486 cuneum
223 2449 389 2503 formata
402 2456 488 2494 acie
502 2484 514 2501 ‚
532 2455 635 2497 viam

35 2503 104 2546 fibi
146 2505 222 2562 per
264 2511 341 2551 vim
376 2528 633 2566 aperuerunt.

36 2565 228 2623 Rumpere
260 2571 363 2626 saepe
382 2575 484 2616 idem
508 2578 561 2618 est
591 2594 637 2622 ac

33 2641 109 2690 per·
141 2631 218 2669 vim
249 2632 291 2672 ὅ(
318 2635 471 2694 impetu
503 2639 638 2689 facere

105 2689 148 2738 T
142 2705 227 2740 om.
259 2691 302 2746 I.

702 1909 862 1963 aliquid.
891 1913 954 1954 Sic
981 1930 1094 1971 rupto
1126 1923 1309 1971 turbine,

703 1971 744 2010 ὅ(
776 1975 974 2027 rumpebat
1000 1981 1145 2031 questus
1162 2011 1175 2029 ,
1204 1987 1309 2039 apud

702 2032 933 2088 Virgilium.

763 2107 790 2143 4
814 2095 975 2152 Unum]
1000 2101 1091 2142 Hoc
1114 2107 1308 2151 credibile

702 2168 782 2194 non
814 2157 897 2203 est,
929 2159 954 2198 fi
978 2162 1045 2202 sex
1073 2166 1128 2205 illi
1161 2168 1200 2208 ὃς
1222 2180 1307 2210 tre-

701 2217 807 2255 centi
827 2232 964 2261 omnes
986 2238 1007 2262 e
1035 2225 1151 2266 Fabia
1182 2243 1305 2283 gente

701 2289 829 2318 erant.
865 2281 944 2320 Sed
984 2287 1091 2326 nulla
1124 2288 1202 2342 jam
1235 2305 1306 2333 aur

699 2352 819 2390 parva
845 2343 1057 2386 admodum
1078 2363 1307 2395 remaneret

701 2399 927 2450 difficultas,
948 2404 971 2444 fi
987 2421 1073 2447 cum
1091 2409 1304 2455 Perizonio

698 2460 951 2517 statueretur,
970 2482 1195 2522 perpaucos
1213 2475 1309 2524 fuis-

700 2521 739 2561 se
765 2523 803 2563 in
829 2525 899 2565 illo
924 2530 1079 2583 agmine
1108 2534 1273 2579 Fabios.

766 2596 785 2635 5
807 2584 938 2642 Prope
953 2591 1131 2643 puberem
1149 2608 1261 2636 aetate
1279 2598 1301 2652 J

699 2644 797 2691 Non
839 2647 1037 2692 immerito
1087 2654 1305 2712 suspicatur

975 2707 1022 2763 L
