1704 3073
326 147 437 210 172
625 132 1306 195 T1T1L1v11'
1513 203 1515 205 .

114 225 283 269 [20261
317 213 473 262 missus
492 251 506 275 ‚
532 213 749 266 Antiates
767 217 972 267 Volscos
992 219 1147 267 fundit
1168 218 1424 285 fugatque}
1448 223 1594 268 com-3
1658 213 1662 216 ’

115 283 260 331 8-(7-49
294 281 476 347 ..pulsos
500 286 546 330 in
567 286 799 350 oppidum
818 285 1082 352 Longulam
1099 287 1406 352 persequutus
1424 323 1439 346 ‚
1457 304 1592 334 moe-

147 333 456 410 Kolsctnibus
494 354 689 416 potitur.
737 352 855 401 Inde
900 353 1145 402 Poluscam
1172 391 1186 413 ‚
1231 356 1347 402 item
1387 352 1599 403 Volsco-⁶

112 402 220 441 '‘qd‘'
319 435 456 476 rum,
488 422 647 484 cepit:
683 435 780 467 tum
813 421 986 485 magn&
1016 423 1084 469 vi·
1099 421 1293 470 adortus
1320 419 1384 469 est
1415 419 1598 469 Corio-

321 485 408 533 los.
443 484 550 533 Erat
583 502 681 534 tum
714 490 757 533 in
782 486 936 535 castris
964 490 1087 535 inter
1108 491 1342 553 primores
1362 486 1595 550 juvenum

133 551 384 602 GMw-C.
428 553 635 601 Marcius
663 592 675 612 ‚
716 554 994 603 adolescens
1029 556 1080 602 &
1121 555 1317 604 confilio
1357 559 1410 603 ὅ(
1449 571 1598 604 manu

117 611 169 652 cii
189 616 307 682 opesci
326 638 575 687 promptus
591 659 603 678 ,
627 623 700 668 cui
719 640 993 688 cognomen
1015 621 1180 687 postea
1199 621 1468 671 Coriolano
1495 622 1598 671 fuit.
1634 665 1636 669 .

118 675 270 744 Corioli
326 687 498 752 Quum
543 688 697 736 subito
745 693 1006 739 exercitum
1041 690 1319 739 Romanum
1365 687 1601 738 Coriolos

115 748 236 790 “³¹⁰²“
322 755 657 814 obsidentem,
696 772 839 823 atque
879 760 926 805 in
962 757 1235 823 oppidanos
1262 795 1275 816 ‚
1311 775 1434 824 quos
1471 759 1600 806 intus

320 823 504 872 clausos
542 824 746 872 habebar
771 862 786 883 .,
819 827 1055 873 intentum
1086 825 1184 874 fine
1221 825 1320 873 ullo
1355 838 1489 874 metu
1514 841 1607 874 εὶς-ι’

316 891 548 940 trinsecus
594 893 884 940 imminentis
921 893 1033 940 belli
1074 930 1088 952 ,
1134 891 1328 940 Volscae
1379 893 1600 959 legiones
1646 918 1650 919 ⁷

315 959 545 1025 profeistae
573 959 630 1006 ab
659 959 812 1007 Antio
835 958 1103 1008 invasissent
1123 998 1139 1020 ‚
1169 960 1447 1026 eodemque
1475 974 1600 1008 tem-

315 1044 439 1093 pore
474 1043 532 1076 ex
564 1027 749 1092 oppido
774 1027 1025 1093 erupissent
1055 1027 1246 1085 hostes3
1284 1026 1408 1076 forte
1429 1030 1476 1075 in
1498 1026 1600 1075 sta-

315 1096 451 1144 tione
499 1094 709 1143 Marcius
758 1094 863 1144 fuit.
909 1094 952 1143 Is
1008 1112 1115 1143 cum
1167 1094 1352 1143 deleEia
1391 1095 1601 1144 militum

316 1179 494 1221 manu,
532 1181 629 1211 non
654 1162 805 1211 modo
827 1165 1060 1228 impetum
1081 1165 1439 1228 erumpentium
1466 1177 1602 1212 retu-

321 1230 424 1289 dit,
457 1229 538 1278 sed
577 1247 663 1295 pet·
708 1248 954 1296 patentem
988 1247 1179 1296 portam
1214 1230 1353 1280 ferox
1386 1232 1552 1296 irrupit
1588 1246 1604 1279 :-

321 1300 555 1363 caedeque
585 1313 616 1361 7
652 1299 698 1345 in
736 1299 956 1364 proxima
991 1298 1117 1346 urbis
1150 1296 1298 1359 faffli,
1330 1301 1494 1364 ignem
1526 1313 1604 1348 te-

322 1382 459 1414 mere
487 1381 729 1430 arreptum
752 1366 1108 1415 imminentibus
1134 1384 1271 1415 muro
1302 1364 1510 1414 aedificiis
1531 1368 1607 1414 in·

324 1431 454 1497 iecit.
497 1431 698 1481 Clamor
724 1434 836 1482 inde
869 1434 1225 1499 oppidanorum
1247 1432 1406 1481 mistus
1428 1435 1603 1483 mulie·

324 1501 399 1549 bri
433 1501 696 1566 puerilique
722 1501 907 1565 ploratu
931 1501 958 1550 8
985 1501 1044 1549 ad
1066 1515 1300 1550 terrorem
1330 1538 1343 1560 ,
1374 1517 1425 1548 ut
1445 1501 1565 1550 solet
1584 1535 1603 1562 5

325 1571 484 1634 primo
517 1583 624 1617 ortu
660 1607 675 1628 ‚
721 1568 772 1617 ἃ
803 1565 1035 1617 Romanis
1072 1571 1199 1617 auxit
1243 1570 1455 1618 animum
1478 1606 1493 1629 ,
1545 1570 1602 1618 &

325 1637 536 1686 turbavit
569 1635 775 1687 Volscos
812 1657 824 1687 ς
856 1652 1025 1705 utpote
1063 1637 1202 1705 capta
1236 1638 1352 1686 urbe
1378 1674 1394 1697 ‚
1437 1638 1513 1692 cui
1540 1635 1604 1686 ad

325 1702 581 1754 ferendam
616 1724 764 1773 opem
793 1721 1046 1756 venerant.
1076 1706 1149 1756 Ita
1181 1705 1266 1755 fusi
1300 1704 1468 1754 Volsci
1502 1705 1607 1756 An·

324 1774 498 1821 tiates:
516 1772 707 1822 Corioli
723 1776 958 1841 oppidum
980 1790 1174 1839 captum
1195 1793 1209 1834 3
1227 1774 1510 1840 tantumque
1526 1772 1608 1823 sua

330 1841 473 1891 laude
509 1841 687 1890 obstitit
720 1842 861 1892 famae
892 1843 1096 1892 consulis
1127 1839 1371 1898 Marcius'⁹
1404 1858 1489 1902 ut,
1520 1840 1609 1891 nist

328 1908 490 1958 foedus
517 1928 625 1958 cum
652 1909 858 1972 Latinis,
889 1910 1116 1960 column&
1131 1910 1265 1959 aenefit
1283 1909 1566 1975 insculptum
1589 1946 1607 1970 ‚

331 1994 653 2026 monumento
695 1977 808 2027 esset
831 2017 846 2038 .,
883 1979 942 2028 ab
983 1978 1068 2044 Sp.
1106 1976 1268 2027 Caffio
1301 1995 1399 2026 uno
1428 2015 1444 2038 ,
1496 1978 1609 2043 quia

332 2045 525 2111 collega
543 2044 762 2094 abfuerat
779 2084 794 2104 ‚
815 2045 957 2095 icium
981 2063 995 2105 ;
1021 2044 1296 2095 Postumum
1324 2043 1611 2094 Cominium

333 2112 516 2160 bellum
536 2111 714 2179 geffiffe
747 2132 855 2162 cum
881 2113 1069 2164 Volscis
1087 2152 1101 2173 ‚
1129 2112 1365 2163 memori&
1393 2110 1610 2162 ceffisset.

125 2182 315 2240 Agi.Me-
337 2178 527 2228 Eodem
564 2180 690 2229 anno
724 2181 941 2248 Agrippa
974 2182 1232 2231 Menenius
1262 2181 1462 2228 moritur
1485 2217 1500 2240 ,
1535 2181 1615 2229 vit

129 2246 236 2286 ²²⁶ssst
337 2251 470 2297 omni
497 2247 596 2295 vita
625 2249 801 2313 pariter
828 2249 1038 2298 Patribus
1065 2267 1118 2297 ac
1148 2248 1276 2314 plebi
1304 2265 1468 2306 carus;
1501 2246 1610 2313 post

129 2319 246 2350 mm·
335 2313 647 2365 seceffionem
672 2319 825 2364 carior
856 2318 986 2382 plebi
1011 2316 1174 2365 fabius·
1205 2316 1330 2363 Huic
1362 2316 1615 2380 interpreti

336 2383 614 2448 arbitroque
648 2385 916 2432 concordiae
952 2387 1129 2433 civium
1162 2420 1176 2442 ‚
1222 2385 1383 2450 legato
1415 2381 1612 2432 Patrum

335 2451 397 2500 ad
416 2451 613 2518 plebem
629 2487 642 2509 ‚
663 2450 901 2501 redu&ori
918 2453 1070 2519 plebis
1089 2450 1324 2500 Romanae
1345 2451 1394 2499 in
1409 2451 1609 2512 urbem,

399 2559 426 2595 7
449 2545 497 2586 In
519 2546 702 2600 proxima
729 2546 864 2601 urbis]
894 2549 941 2588 In
1067 2547 1091 2587 8
1106 2545 1173 2586 Ad
1187 2560 1370 2586 terrorem
1385 2573 1396 2593 ,
1414 2557 1455 2584 ut
1468 2542 1577 2597 solet
1591 2573 1606 2594 ,

338 2607 428 2647 loca
446 2609 553 2647 urbis
581 2622 666 2661 quae
685 2618 813 2666 portae
844 2622 940 2663 pto·
1000 2608 1128 2663 primo
1153 2608 1270 2660 ortu]
1290 2607 1399 2660 Lege
1416 2607 1467 2645 ad
1482 2619 1612 2657 terro·v

336 2669 441 2710 xima
473 2679 606 2712 erant.
1005 2683 1132 2712 rem...
1158 2668 1325 2725 primum
1351 2679 1474 2711 ortus²
