1653 3078
1 447 6 454 ⁴
3 419 21 429 ς
0 370 8 407 ·”;<
0 184 18 354 ’τ’-πεσεῖν
11 148 14 151 .

414 112 1034 174 'L1BERIL
1283 135 1385 194 133

117 196 365 248 Clusinum
408 212 573 262 regem
616 194 923 262 perfugerant
960 212 975 255 3
1026 196 1093 245 ibi
1143 198 1389 249 miscendo
1408 208 1595 258 (λε-446.

115 265 364 315 confilium
407 262 668 330 precesque
697 301 713 325 ‚
775 280 898 312 nunc
943 263 1185 324 orabant,
1234 284 1294 315 ne
1342 268 1389 317 se
1406 264 1593 317 &3506-

92 319 345 383 ¹'oriundos
377 350 435 381 ex
452 329 654 385 Etruscis
677 368 691 390 ‚
724 329 938 401 ejusdem
964 330 1199 397 sanguinis
1227 337 1394 383 nomi·-

113 400 278 466 nisque
299 440 314 462 ,
346 415 545 467 egentes
577 399 788 448 exsulare
815 412 1058 465 pateretur
1083 415 1093 446 :
1121 417 1246 447 nunc
1276 419 1392 450 mo·-

113 470 296 517 nebant
323 471 467 517 etiam
489 505 502 527 ,
526 470 601 517 Ne
638 469 843 515 orientem
873 484 1028 514 morem
1047 467 1251 532 pellendi
1273 487 1390 534 reges

114 537 309 585 inultum
336 537 512 599 sineret.
555 552 585 595 4
621 538 751 584 Satis
782 536 1022 583 libertatem
1058 533 1201 600 ipfizm
1233 536 1388 584 habere

113 604 368 652 dulcedinis
384 642 402 663 ,
423 605 514 667 nisi
532 604 705 668 quanta*
725 604 775 651 νί
797 604 1007 650 civitates
1024 621 1119 650 eam
1141 618 1387 668 expetant,

112 672 244 719 tanta*
275 689 406 737 regna
436 689 552 738 reges
579 668 822 735 defendant
831 689 850 729 ,-
878 672 1043 735 aequari
1063 667 1242 733 ficmma
1280 672 1388 735 infi-

112 741 198 787 mis
218 758 239 799 ;
288 739 411 787 nilzil
435 736 668 802 ‚excelsum
699 775 716 796 ,
763 738 884 785 nihil
917 739 1038 802 qnod
1060 736 1202 804 supra
1246 753 1387 786 cetera

112 808 334 865 emineat,
367 807 414 854 in
439 806 704 855 civitatibus
723 802 838 870 fhre.
861 803 1026 868 Adeffi
1044 806 1185 869 finem
1207 809 1382 873 regnis,

111 875 172 922 rei
206 876 324 922 inter
352 876 458 921 deos
497 871 775 937 ,hominesque
803 873 1122 938 pulcherrimae.
1173 873 1379 923 Porsena
1413 895 1590 951 Porsena

108 955 212 990 tum
257 958 422 1009 regem
464 940 557 989 effe
607 940 815 1000 Romae,
849 955 948 988 tum
995 938 1194 990 Etruscae
1227 944 1381 1009 gentis
1397 959 1539 999 bellum

98 1002 272 1077 'regem
295 1047 309 1070 ‚
341 1009 556 1074 amplum
587 1006 754 1056 Tuscis
780 1022 905 1057 ratus
928 1045 943 1068 ,
969 1008 1180 1058 Romam
1207 1010 1379 1060 infesto
1397 1020 1517 1074 infert
1536 1022 1590 1065 P.

106 1079 320 1127 exercitu
350 1078 502 1127 venit.
537 1075 652 1125 Non
686 1093 912 1143 umquam
943 1077 1056 1125 alius
1085 1079 1193 1126 ante
1222 1094 1378 1128 tantus
1393 1083 1591 1126 Romano.

106 1159 262 1194 terror
296 1144 510 1194 senatum
553 1144 721 1194 invafit
759 1161 770 1192 ε
815 1144 939 1194 adeo
977 1145 1137 1194 valida
1171 1163 1244 1196 res
1275 1162 1380 1197 tum

107 1211 299 1262 Clusina
337 1227 438 1262 erat
476 1251 491 1273 ‚
541 1229 867 1279 magnumque
904 1212 1121 1263 Porsenae
1161 1233 1384 1275 nomen3

103 1297 195 1330 nec
242 1280 398 1331 hostes
434 1281 586 1329 modo
620 1281 893 1340 timebant,
932 1280 1013 1330 sed
1048 1279 1257 1332 suosmet
1295 1283 1384 1350 ipsi

107 1350 238 1398 cives
265 1388 280 1410 ,
319 1366 380 1398 ne
421 1347 644 1398 Romana
684 1350 821 1415 plebs
852 1364 983 1398 metu
1016 1349 1226 1415 perculsa
1250 1388 1265 1410 ‚
1301 1369 1386 1402 re-

104 1419 257 1483 ceptis
286 1418 332 1464 in
361 1416 525 1465 urbem
554 1416 744 1484 regibus
764 1455 778 1476 ,
810 1418 890 1465 vel
915 1435 1023 1465 cum
1045 1417 1273 1468 servitute
1295 1438 1385 1485 pa-

101 1501 207 1533 cem
244 1486 502 1551 acciperet.
536 1485 694 1533 Multa
720 1487 860 1551 igitur
884 1485 1216 1535 blandimenta
1249 1489 1382 1551 plebi

101 1553 258 1619 perid
282 1566 476 1617 ternpus
511 1552 569 1601 ab
603 1551 765 1602 senatu
800 1553 950 1612 data3
988 1571 1192 1602 annonae
1226 1558 1384 1621 inpri-

99 1622 189 1668 mis
216 1620 376 1667 habita
406 1637 516 1668 cura
535 1657 550 1679 ‚
583 1622 632 1668 ὃ(
668 1621 729 1668 ad
761 1619 1056 1670 frumentum
1086 1639 1384 1687 comparan-

104 1687 220 1736 dum
244 1685 363 1736 miffi
386 1724 401 1747 ‚
426 1687 504 1735 alii
534 1688 584 1736 in
602 1687 810 1737 Volscos
832 1726 847 1747 ,
878 1689 954 1737 alii
976 1686 1174 1738 Cumas.
1212 1705 1231 1756 ς
1262 1690 1381 1741 Salis

98 1789 246 1816 nornen
265 1774 341 1816 effe
358 1776 521 1816 honoris
540 1804 550 1822 ,
572 1789 703 1827 eoque
768 1775 905 1815 habere
920 1776 1164 1822 dulcedinis,
1186 1776 1275 1829 nisi]
1296 1777 1379 1817 An-

97 1838 296 1877 vocabulo
343 1837 512 1892 intelligi
555 1837 704 1877 debere
768 1847 810 1877 te
843 1851 986 1877 vocem
1013 1837 1089 1891 nist
1113 1838 1378 1892 supplendum

29 1923 33 1926 ν
98 1898 320 1951 supremum
341 1901 546 1952 quemdam
567 1898 704 1938 mode·

95 1973 271 2000 ratorem
298 1960 516 2014 appositum
549 1960 703 2000 duode-

95 2022 174 2060 cim
191 2021 487 2063 Lucumonibus
504 2050 514 2069 ,
539 2021 617 2062 five
638 2035 701 2062 τε·

95 2082 209 2136 gibus
252 2111 265 2130 ,
323 2098 423 2138 quos
486 2084 698 2124 duodecim

93 2144 264 2185 Etruriae
295 2146 433 2200 populi
451 2145 516 2185 fibi
535 2146 698 2199 quisque

93 2205 378 2258 praeficiebant.
401 2207 617 2263 Dionyfius
635 2220 699 2248 ta-

93 2281 185 2305 men
220 2271 377 2324 accepit
422 2284 497 2323 pro
536 2270 696 2310 nomine

96 2326 294 2370 Porsenae.
324 2332 388 2371 Sic
418 2331 520 2370 enim
548 2332 693 2378 habet,

92 2400 120 2439 l.
153 2400 210 2441 V.
240 2392 370 2449 Λάρος
399 2391 560 2455 grogn,
585 2401 695 2454 Hop-

91 2464 195 2510 σῖνος
215 2459 439 2512 ἐπίκλησιν
457 2496 472 2518 ,
515 2468 540 2507 i.
562 2482 601 2508 e.
621 2483 694 2508 no-

91 2528 190 2567 mine
212 2528 293 2567 Lar
307 2556 320 2573 ,
348 2528 572 2584 cognomine
588 2528 694 2571 Por-

84 2586 198 2644 sena.
394 2625 403 2629 -

65 2667 77 2676 τ
150 2665 179 2703 4
196 2649 304 2692 Sacis
331 2650 549 2694 libertatem
568 2651 689 2710 ipsam

767 1898 820 1938 est
849 1900 1012 1953 aliquod
1036 1899 1228 1940 orationis
1250 1915 1380 1940 mem-

766 1961 878 2000 brum
897 1989 910 2005 ,
947 1962 1062 2014 quale
1098 1961 1192 2002 effet
1215 1975 1224 2002 :
1250 1962 1291 2002 δε
1314 1963 1378 2002 ci·-

764 2022 912 2062 vitares
954 2036 1092 2063 omnes
1129 2023 1208 2063 sese
1243 2023 1282 2062 in
1325 2025 1378 2064 li-

763 2084 959 2124 bertatem
982 2085 1254 2125 vindicaturas
1270 2112 1279 2130 ‚
1303 2085 1373 2127 nifi

767 2145 849 2186 &c.
900 2133 992 2186 Hoc
1047 2161 1129 2186 non
1173 2146 1375 2188 insolitum

761 2207 925 2248 Latinis.
951 2207 1017 2247 Sic
1055 2207 1185 2255 infr-it,
1215 2208 1243 2247 I.
1277 2201 1336 2248 111
1354 2237 1367 2257 ,

763 2283 799 2309 c.
831 2268 904 2320 33.
943 2268 1030 2310 Jam
1051 2281 1166 2324 caput
1187 2269 1284 2325 fieri
1315 2270 1373 2309 li-

760 2331 945 2370 bertatem
975 2332 1253 2385 repetentium,
1271 2328 1369 2385 fise

753 2391 867 2447 plebs
886 2390 1230 2446 comitemsenatui
1255 2394 1336 2432 det.

825 2481 842 2518 5
877 2469 986 2510 Salis
1023 2471 1202 2525 quoque]
1244 2467 1366 2528 Diffi5

758 2530 945 2571 cillimum
972 2533 1077 2573 hunc
1109 2534 1241 2571 locum
1270 2531 1365 2571 feli-

758 2593 859 2633 citer
924 2594 1136 2633 emendare
1203 2593 1364 2633 videtur

758 2654 996 2701 Gronovius
1016 2656 1093 2693 hoc
1113 2654 1266 2700 modo:
1288 2653 1365 2696 Sa·

955 2712 1003 2761 H
1040 2710 1090 2779 iij
