1652 3083
125 133 552 195 U.c,365,vidiffent
575 178 591 201 ,
620 151 839 209 quamvis
863 153 1061 221 inopem
1085 179 1388 232 parvumquev
1413 206 1430 229 ,.
1456 188 1603 238 qssnem

127 193 560 255 a·C·387.tenebam
587 246 601 269 ,
636 213 812 265 collem
835 255 849 278 ,
890 222 1098 277 libertati
1131 232 1345 283 relidam
1365 272 1380 296 ‚
1421 242 1602 292 virtute

325 269 666 328 defenderent.
695 280 864 346 Etiam
880 307 1026 354 quum
1050 297 1221 346 eadem
1241 305 1458 367 quotidie
1477 312 1600 358 acci-

320 335 526 402 derent,
550 346 685 399 velut
711 350 874 403 affueti
902 359 1037 407 malis
1057 398 1072 421 ‚
1107 363 1498 423 abalienaverant
1532 378 1594 426 ab

319 403 458 456 sensu
493 427 650 463 rerum
693 418 876 469 suarum
917 429 1104 477 animos
1140 448 1154 490 3
1194 453 1324 485 arma
1364 444 1550 492 tantum
1577 482 1592 505 ,

317 470 596 545 ferrumque
620 486 667 531 in
699 486 874 537 dextris
893 527 909 551 ,
933 495 1068 544 velut
1095 497 1219 550 sol-as
1244 506 1465 572 reliquias
1488 511 1592 578 spei

315 539 441 603 suae,
471 547 730 601 intuentes·

381 609 560 663 XLIII.
602 616 730 667 Galli
760 639 955 691 quoque
987 667 1003 689 ,
1045 648 1135 697 per
1176 637 1361 704 aliquot
1402 643 1502 693 dies
1539 648 1588 695 in

311 676 436 728 tecta
486 684 642 732 modo
681 689 807 737 urbis
855 699 1176 766 nequicquam
1224 706 1357 757 bello
1414 712 1546 777 gesto
1569 754 1585 776 ,

307 761 456 809 quum
476 749 600 799 inter
617 754 839 808 incendia
859 780 913 811 ac
938 768 1093 816 ruinas
1126 788 1277 838 captae
1307 775 1435 827 urbis
1464 783 1582 832 nihil

302 812 541 878 superesse
566 838 740 885 praeter
767 845 976 880 armatos
1009 834 1168 887 hostes
1201 842 1422 895 viderent
1445 885 1459 907 ‚
1489 868 1580 900 nec

300 883 559 947 quicquam
599 903 671 938 tot
704 892 918 947 cladibus
959 907 1151 955 territos
1181 944 1196 967 ‚
1244 929 1333 961 nec
1370 914 1581 968 flexuros

296 947 361 994 ad
400 950 707 1006 deditionem
742 965 930 1015 animos
965 1006 979 1029 ‚
1025 975 1074 1020 ni
1111 976 1184 1024 vis
1223 979 1529 1034 adhiberetur
1557 1024 1572 1048 ‚

294 1021 506 1080 experiri
554 1025 720 1075 ultima
761 1031 812 1079 &
865 1035 1102 1101 impetum
1134 1042 1296 1097 facere
1334 1051 1381 1097 in
1412 1070 1574 1104 arcem

294 1080 521 1139 statuunr‘.
582 1090 742 1144 Prima
788 1099 895 1151 lnce
933 1104 1068 1173 {igno
1106 1110 1220 1160 dato
1253 1153 1269 1176 ,
1312 1118 1575 1172 multitudo

135 1160 253 1206 Galli
296 1157 456 1203 omnis
485 1158 532 1205 in
565 1159 673 1211 foro
698 1165 972 1232 instruitur3
998 1176 1110 1226 inde
1143 1180 1353 1234 clamore
1383 1185 1570 1239 sublato

116 1241 246 1268 arcem
294 1237 349 1268 ac
368 1223 604 1279 testudine
625 1229 745 1281 facia
763 1272 778 1295 ,
810 1236 1027 1293 subeunt.
1049 1245 1297 1300 Adversus
1319 1272 1440 1320 quos
1460 1256 1568 1307 Ro-

107 1286 259 1339 frustrd
292 1292 421 1340 mani
459 1296 577 1344 nihil
614 1303 798 1352 temere
836 1343 853 1366 ‚
906 1326 997 1360 nec
1030 1317 1258 1381 trepide,
1301 1323 1361 1370 ad
1392 1341 1565 1377 omnes

114 1362 240 1404 ‘’Pl’u·
289 1357 443 1409 aditus
462 1361 740 1418 stationibus
758 1370 955 1426 firmatis
977 1416 993 1439 ‚
1025 1385 1116 1448 qua
1137 1383 1264 1452 signa
1281 1387 1395 1438 ferri
1415 1395 1564 1444 vide·

106 1422 247 1466 8'22'2‘·
285 1425 434 1490 bant,
466 1432 525 1480 ea
562 1435 740 1488 robore
775 1443 995 1494 virorum
1035 1453 1300 1517 opposito,
1335 1457 1561 1514 scandere

283 1492 472 1546 hostem
488 1499 671 1564 finunt3
691 1523 788 1572 quo
806 1510 1067 1565 successerit
1087 1523 1237 1587 magis
1261 1525 1308 1572 in
1331 1528 1527 1578 arduum
1544 1569 1558 1592 ‚

279 1577 345 1611 eo
374 1567 487 1630 pelli
508 1569 643 1634 posse
665 1591 751 1638 per
784 1582 1004 1642 proclive
1036 1584 1219 1637 facilius
1247 1595 1353 1643 rati.
1383 1595 1557 1649 Medio

274 1627 379 1680 fere
416 1636 544 1685 clivo
577 1639 828 1705 restitere3
856 1664 1000 1716 atq-ue
1023 1655 1134 1705 inde
1166 1674 1224 1706 ex
1257 1660 1379 1711 loco-
1407 1664 1551 1731 supe-

272 1699 434 1763 riore,
470 1707 550 1770 qui
580 1725 738 1774 prope
770 1712 851 1762 sua
880 1716 1053 1782 sponte
1085 1726 1133 1772 in
1160 1725 1344 1776 hostem
1377 1733 1555 1784 infere-

267 1764 392 1826 bat,
429 1772 614 1839 impetu
663 1777 790 1829 facio
823 1820 837 1842 ‚
894 1786 1046 1854 strage
1090 1810 1143 1840 ac
1201 1797 1334 1844 ruina
1380 1799 1550 1853 fudere

266 1831 440 1886 Gallos
480 1860 493 1888 ε
540 1858 592 1892 ut
636 1862 883 1914 nunquam
929 1856 1100 1921 post-ea
1135 1878 1226 1911 nec
1267 1883 1375 1930 pars
1401 1905 1416 1926 ‚
1457 1887 1548 1921 nec

263 1905 473 1955 universi
497 1918 792 1965 tenta-verint
817 1921 912 1969 tale
944 1942 1117 1992 pugnae
1155 1947 1322 1996 genus.
1358 1932 1546 1988 Omissa

260 1970 428 2038 itaque
453 1975 536 2042 spe
559 1995 644 2044 per
668 1984 770 2031 vim
797 2004 940 2054 arque
965 2011 1096 2043 arma
1118 1996 1383 2062 subeundi,
1417 2006 1548 2054 obfi-
1595 2011 1599 2014 ’

255 2035 459 2089 dionem
487 2063 689 2109 parant3
726 2052 858 2117 cujus
885 2059 946 2106 ad
979 2061 1028 2108 id
1066 2071 1544 2131 tempusimmemo-

255 2121 334 2154 res
356 2145 371 2168 ‚
399 2109 450 2157 &
473 2115 606 2178 quod
629 2118 674 2165 in
694 2122 809 2170 urbe
830 2123 984 2176 fuerat
1005 2128 1335 2198 frumentum,
1366 2141 1543 2191 incen-

254 2173 343 2221 diis
374 2178 500 2226 urbis
537 2183 929 2254 absumpseraqt,
965 2196 1017 2245 &
1045 2215 1104 2246 ex
1134 2205 1257 2269 agris
1296 2223 1384 2272 per
1410 2209 1538 2274 ipsos

256 2240 360 2290 dies
387 2262 576 2312 raptum
607 2270 755 2305 omne
789 2257 942 2310 Veios
983 2266 1110 2317 erati?
1136 2267 1284 2336 Igitur
1323 2279 1537 2328 exercitu

437 2352 453 2375 ,
480 2321 651 2382 partim
689 2341 776 2389 per
812 2326 1044 2381 finitimos
1083 2340 1294 2404 populos
1329 2345 1535 2406 praedari

255 2377 435 2440 placuit
461 2421 477 2444 ‚
510 2389 686 2450 partim
720 2392 926 2446 obfideri
955 2418 1151 2463 arcem3
1183 2420 1236 2455 ut
1272 2408 1540 2463 obsidenti-

45 2494 67 2534 Ι
91 2433 230 2490 Popu-
257 2445 347 2496 bus
401 2449 695 2506 frumentum
746 2466 1068 2530 populatores
1125 2490 1359 2541 agrorum
1409 2498 1538 2547 prae.-

65 2506 198 2538 ”‘⁰'‘³⁵
254 2513 443 2568 berent.

45 2554 165 2600 ⁶0²³
183 2561 228 2603 1'12
315 2583 504 2642 XLIV.
538 2589 902 2653 proficiscentes
948 2602 1126 2659 Ganos
1161 2609 1225 2662 ab
1272 2614 1434 2679 urhe,
1464 2618 1538 2669 aer
