1652 3083
78 199 126 241 U.
135 211 170 242 c.
177 198 269 250 365.
285 188 534 266 gnantium
554 186 677 247 fuit3
711 201 847 254 terga
871 187 987 236 caesa
1015 186 1204 237 suomet
1224 184 1435 252 ipsorum
1453 193 1563 235 cer-

283 106 402 184 498
567 106 1272 164 T1-r1L1v11

78 254 468 308 ³0C387·13m1ne
512 272 558 303 ln
598 255 737 304 turba
773 256 1138 322 Impedlesstlum
1184 254 1365 322 fugam.
1414 252 1560 304 Clrca

283 325 438 390 ripam
467 322 699 383 Tiberis,
727 342 823 390 quo
854 324 994 372 armis
1022 322 1218 387 abjeftis
1250 338 1407 372 totum
1440 320 1559 371 smi-
1631 340 1638 344 ⁴

283 391 430 440 strum
459 410 609 442 cornu
636 390 860 470 diffugit,
902 409 1078 456 magna
1104 389 1280 458 strages
1309 390 1428 440 facia
1456 389 1556 440 est:

284 459 557 526 multosque
602 463 854 575 impleritos
900 459 1045 507 nandi
1081 496 1097 518 .,
1149 473 1229 508 aut
1268 459 1508 508 invalidos
1541 496 1560 518 ,

285 546 457 595 graves
485 530 642 577 loricis
668 528 860 592 aliisque
888 527 1205 595 tegminibus,
1233 526 1428 576 hausere
1451 544 1560 595 gur-

287 599 445 672 gites3
500 599 707 645 maxima
748 610 909 643 tamen
940 570 1065 660 opars
1103 596 1359 644 incolumis
1401 594 1561 645 Veios

286 664 526 732 perfuoit:
558 663 686 711 unde
715 681 812 711 non
845 663 998 711 modo
1030 663 1229 729 praefidii
1257 665 1513 730 quicquam
1541 700 1560 724 ,

286 732 369 782 sed
390 751 450 781 ne
474 732 661 779 nuntius
681 731 876 797 quidem
901 733 1045 780 cladis
1067 731 1278 781 Romam
1297 731 1364 781 est
1385 730 1560 781 miffus.

286 800 368 851 Ab
399 801 570 848 dextro
604 817 787 856 cornu,
823 800 956 861 quod
984 802 1154 867 procul
1179 820 1207 850 a
1236 801 1470 863 flumine,
1508 799 1560 850 δε

287 870 439 946 magi
462 867 544 915 sub
566 883 736 917 monte
768 866 990 928 steterat,
1032 869 1246 919 Romam
1274 886 1445 919 omnes
1468 885 1563 936 pe-

284 938 437 996 tiere,
469 938 556 993 &,
589 953 648 985 ne
678 935 844 985 clausis
878 937 1073 1004 quidem
1106 940 1260 1006 portis
1295 938 1423 988 urbis
1451 973 1466 999 ‚
1506 938 1559 989 in

286 1021 448 1053 arcem
481 1004 819 1072 confugerunt.

357 1071 594 1122 XXXIX.
631 1071 805 1122 Gallos
824 1091 1019 1140 quoque
1039 1074 1175 1124 velut
1198 1072 1578 1140 obstupefacios

290 1141 568 1190 miraculum
611 1141 821 1190 viCloriae
859 1156 958 1190 tam
993 1145 1254 1208 repentinae
1288 1144 1475 1202 tenuit3
1505 1142 1561 1192 &

289 1208 374 1276 ipsi
422 1227 606 1288 pavore
657 1208 802 1258 defixi
846 1211 1053 1277 primum
1094 1211 1324 1260 steterunt
1360 1249 1376 1272 ‚
1424 1210 1562 1261 velut

289 1280 439 1345 ignari
471 1279 584 1343 quid
615 1276 898 1327 accidisset.
931 1278 1106 1328 deinde
1142 1278 1330 1327 infidias
1363 1281 1555 1330 vereri·
1541 1316 1559 1339 ,

287 1321 535 1413 pnostremo
555 1345 783 1396 caesorum
803 1345 954 1412 spolia
985 1348 1179 1413 legere,
1216 1363 1559 1413 armorumque

285 1416 541 1474 cumulos,
576 1430 626 1463 ut
671 1432 779 1464 mos
814 1417 880 1464 eis
917 1414 1027 1473 est,
1071 1432 1377 1465 coacervare.
1422 1413 1558 1464 Tum

283 1483 516 1543 demum,
549 1481 796 1561 postquam
820 1484 935 1531 nihil
965 1482 1162 1548 usquam
1192 1483 1362 1532 hostile
1391 1500 1560 1533 cerne-

282 1552 424 1600 batur
453 1590 468 1612 ,
516 1554 643 1602 viam
677 1550 866 1619 ingreffi
893 1589 908 1611 ‚
949 1551 1077 1599 haud
1107 1551 1260 1600 multo
1300 1565 1410 1600 ante
1446 1549 1559 1602 solis

283 1620 503 1669 occasum
537 1620 598 1668 ad
650 1621 817 1670 urbem
855 1618 1069 1668 Romam
1105 1621 1434 1690 perveniunt·
1424 1657 1438 1678 ‚
1472 1620 1559 1670 ubi

281 1704 431 1753 quum
467 1686 701 1754 praegreffi
736 1690 961 1754 equites,
997 1706 1096 1737 non
1137 1704 1300 1754 portas
1342 1674 1554 1749 clausas,

280 1774 381 1805 non
419 1756 675 1805 stationem
713 1775 806 1835 pro
841 1759 993 1824 portis
1029 1757 1262 1805 excubare
1287 1794 1311 1815 ‚
1338 1764 1438 1805 nori
1474 1774 1559 1805 ar-
1614 1782 1617 1786 Α

283 1841 441 1874 matos
479 1824 570 1874 esse
604 1826 653 1871 in
687 1826 864 1886 muris,
901 1823 1162 1874 retuliffent
1189 1862 1204 1884 ,
1244 1824 1371 1874 aliud
1406 1825 1560 1890 priori
1615 1833 1628 1868 ’ἑ

282 1891 433 1942 fimile
463 1893 746 1942 miraculum
771 1911 854 1943 eos
875 1893 1114 1953 sustinuit;
1145 1891 1440 1958 no&emqiie
1466 1909 1557 1943 ve-

283 1962 398 2021 riti,
429 1961 482 2010 &
516 1963 693 2028 ignotae
726 1960 864 2011 situm
899 1961 1060 2021 urbis,
1096 1963 1219 2010 inter
1248 1959 1461 2010 Romam
1487 1973 1559 2010 at·
1608 1984 1612 1988 ’

283 2046 377 2093 que
407 2029 651 2078 Anienem
673 2030 973 2091 consedere,
1006 2029 1390 2096 exploratoribus
1410 2027 1559 2079 miffis
1600 2043 1603 2045 ’

284 2098 408 2145 circa
436 2100 616 2146 moenia
640 2098 812 2165 aliasqu
817 2116 843 2147 e
869 2116 1062 2164 portas,
1095 2115 1317 2164 quaenam
1339 2095 1557 2148 hostibus

282 2167 332 2213 in
372 2165 557 2231 perdita
600 2183 651 2215 re
687 2166 880 2215 consilia
909 2165 1077 2216 essent.
1129 2166 1339 2216 Romani
1361 2202 1380 2226 ,
1405 2182 1556 2231 quum

286 2250 394 2299 pars
416 2251 571 2297 major
591 2251 649 2283 ex
668 2237 770 2284 acie
790 2235 946 2284 Veios
965 2232 1208 2301 petiisset,
1237 2251 1383 2284 nemo
1401 2233 1559 2300 super·
1583 2251 1589 2257 ·

126 2304 270 2345 Roma·
291 2300 384 2351 effe
415 2319 708 2368 quemquam
736 2318 907 2368 praeter
925 2319 1010 2352 eos
1033 2305 1112 2369 qui
1135 2303 1343 2352 Romam
1362 2301 1557 2369 refuge-

83 2380 178 2406 ΠΟΙἩ
183 2382 217 2407 172

77 2443 222 2484 pasor.

287 2384 424 2430 tant,
457 2371 712 2429 crederet,
739 2372 1029 2436 complorati
1059 2387 1229 2419 Omnes
1256 2387 1430 2436 pariter
1452 2389 1557 2421 vlv8
1588 2399 1589 2404 ¹

288 2440 601 2504 mortuique,
644 2453 796 2488 totam
839 2456 994 2505 prope
1047 2453 1066 2501 5
1120 2439 1286 2486 urbem
1334 2438 1555 2488 lamentis

286 2507 644 2573 implevertunt
678 2508 893 2573 privatos
921 2506 1100 2555 deinde
1123 2506 1271 2555 lucius
1301 2504 1556 2573 stupefecit
1586 2532 1588 2536 v

351 2607 369 2644 5
392 2593 534 2634 Urbem
554 2594 735 2634 lamentis
752 2594 884 2648 imple
949 2595 981 2632 l.
976 2593 1133 2634 mentis
1154 2621 1169 2641 ,
1203 2593 1343 2648 quibus
1368 2595 1490 2634 utbs
1481 2607 1557 2634 m·

286 2655 459 2710 urunt]
495 2655 709 2697 Dederunt
733 2655 887 2696 causam
949 2656 1060 2710 pleta
1083 2654 1159 2697 est.

1638 817 1647 915 l

1627 1087 1641 1297 i
