<?xml version="1.0" encoding="UTF-8"?>
<!DOCTYPE html PUBLIC "-//W3C//DTD XHTML 1.0 Transitional//EN"
    "http://www.w3.org/TR/xhtml1/DTD/xhtml1-transitional.dtd">
<html xmlns="http://www.w3.org/1999/xhtml" xml:lang="en" lang="en">
 <head>
  <title>
</title>
<meta http-equiv="Content-Type" content="text/html;charset=utf-8" />
  <meta name='ocr-system' content='tesseract 3.04.00' />
  <meta name='ocr-capabilities' content='ocr_page ocr_carea ocr_par ocr_line ocrx_word'/>
</head>
<body>
  <div class='ocr_page' id='page_1' title='image "./tliviipatavinihi0101livy_0015.png"; bbox 0 0 1653 3078; ppageno 0'>
   <div class='ocr_carea' id='block_1_1' title="bbox 430 89 1392 167">
    <p class='ocr_par' dir='ltr' id='par_1_1' title="bbox 430 89 1392 167">
     <span class='ocr_line' id='line_1_1' title="bbox 430 89 1392 167; baseline 0.003 -22"><span class='ocrx_word' id='word_1_1' title='bbox 430 89 827 147; x_wconf 16' lang='lat' dir='ltr'><em>PRAEXFA</em></span> <span class='ocrx_word' id='word_1_2' title='bbox 873 90 1096 147; x_wconf 83' lang='lat' dir='ltr'><strong><em>TJO.</em></strong></span> <span class='ocrx_word' id='word_1_3' title='bbox 1336 91 1392 167; x_wconf 70' lang='lat' dir='ltr'>xj</span> 
     </span>
    </p>
   </div>
   <div class='ocr_carea' id='block_1_2' title="bbox 116 170 1617 2737">
    <p class='ocr_par' dir='ltr' id='par_1_2' title="bbox 118 170 1397 373">
     <span class='ocr_line' id='line_1_2' title="bbox 118 170 1397 240; baseline 0.001 -20"><span class='ocrx_word' id='word_1_4' title='bbox 118 187 218 240; x_wconf 83' lang='lat' dir='ltr'>gno</span> <span class='ocrx_word' id='word_1_5' title='bbox 247 170 510 221; x_wconf 85' lang='lat' dir='ltr'>litterarum</span> <span class='ocrx_word' id='word_1_6' title='bbox 551 171 767 229; x_wconf 86' lang='lat' dir='ltr'>damno,</span> <span class='ocrx_word' id='word_1_7' title='bbox 806 170 892 218; x_wconf 86' lang='lat' dir='ltr'>soli</span> <span class='ocrx_word' id='word_1_8' title='bbox 934 188 1060 217; x_wconf 85' lang='lat' dir='ltr'>nunc</span> <span class='ocrx_word' id='word_1_9' title='bbox 1096 171 1306 237; x_wconf 80' lang='lat' dir='ltr'>quinque</span> <span class='ocrx_word' id='word_1_10' title='bbox 1344 173 1397 220; x_wconf 89' lang='lat'>&amp;</span> 
     </span>
     <span class='ocr_line' id='line_1_3' title="bbox 120 238 1397 306; baseline 0 -19"><span class='ocrx_word' id='word_1_11' title='bbox 120 241 311 306; x_wconf 82' lang='lat' dir='ltr'>triginta</span> <span class='ocrx_word' id='word_1_12' title='bbox 335 238 577 304; x_wconf 83' lang='lat' dir='ltr'>supersunt</span> <span class='ocrx_word' id='word_1_13' title='bbox 608 257 618 286; x_wconf 75' lang='grc' dir='ltr'>ε</span> <span class='ocrx_word' id='word_1_14' title='bbox 650 239 795 286; x_wconf 88' lang='lat' dir='ltr'>ceteri</span> <span class='ocrx_word' id='word_1_15' title='bbox 829 254 998 286; x_wconf 86' lang='lat' dir='ltr'>omnes</span> <span class='ocrx_word' id='word_1_16' title='bbox 1029 239 1248 287; x_wconf 87' lang='lat' dir='ltr'>interiere</span> <span class='ocrx_word' id='word_1_17' title='bbox 1269 277 1283 298; x_wconf 89' lang='lat'>,</span> <span class='ocrx_word' id='word_1_18' title='bbox 1315 253 1397 288; x_wconf 88' lang='lat' dir='ltr'>aut</span> 
     </span>
     <span class='ocr_line' id='line_1_4' title="bbox 121 302 1325 373; baseline -0.002 -17"><span class='ocrx_word' id='word_1_19' title='bbox 121 308 252 356; x_wconf 73' lang='lat' dir='ltr'>certe</span> <span class='ocrx_word' id='word_1_20' title='bbox 270 310 424 373; x_wconf 83' lang='lat' dir='ltr'>ignoti</span> <span class='ocrx_word' id='word_1_21' title='bbox 440 306 592 355; x_wconf 88' lang='lat' dir='ltr'>adhuc</span> <span class='ocrx_word' id='word_1_22' title='bbox 614 309 663 355; x_wconf 91' lang='lat' dir='ltr'>in</span> <span class='ocrx_word' id='word_1_23' title='bbox 685 304 826 354; x_wconf 69' lang='lat' dir='ltr'>no&amp;e</span> <span class='ocrx_word' id='word_1_24' title='bbox 847 322 900 352; x_wconf 85' lang='lat' dir='ltr'>ac</span> <span class='ocrx_word' id='word_1_25' title='bbox 923 304 1132 353; x_wconf 87' lang='lat' dir='ltr'>tenebris</span> <span class='ocrx_word' id='word_1_26' title='bbox 1151 302 1325 367; x_wconf 74' lang='lat' dir='ltr'>jacent.</span> 
     </span>
    </p>

    <p class='ocr_par' dir='ltr' id='par_1_3' title="bbox 192 369 1597 439">
     <span class='ocr_line' id='line_1_5' title="bbox 192 369 1597 439; baseline -0.001 -17"><span class='ocrx_word' id='word_1_27' title='bbox 192 372 332 439; x_wconf 73' lang='lat' dir='ltr'>Qui‘n</span> <span class='ocrx_word' id='word_1_28' title='bbox 365 376 509 423; x_wconf 88' lang='lat' dir='ltr'>etiam</span> <span class='ocrx_word' id='word_1_29' title='bbox 544 391 641 422; x_wconf 90' lang='lat' dir='ltr'>non</span> <span class='ocrx_word' id='word_1_30' title='bbox 674 372 902 421; x_wconf 85' lang='lat' dir='ltr'>universae</span> <span class='ocrx_word' id='word_1_31' title='bbox 941 370 1077 419; x_wconf 85' lang='lat' dir='ltr'>simul</span> <span class='ocrx_word' id='word_1_32' title='bbox 1108 369 1233 420; x_wconf 87' lang='lat' dir='ltr'>Orbi</span> <span class='ocrx_word' id='word_1_33' title='bbox 1265 374 1394 422; x_wconf 85' lang='lat' dir='ltr'>litte-</span> <span class='ocrx_word' id='word_1_34' title='bbox 1426 378 1506 437; x_wconf 74' lang='lat' dir='ltr'>Qui</span> <span class='ocrx_word' id='word_1_35' title='bbox 1529 377 1597 434; x_wconf 75' lang='lat' dir='ltr'>sn-</span> 
     </span>
    </p>

    <p class='ocr_par' dir='ltr' id='par_1_4' title="bbox 116 439 1605 2331">
     <span class='ocr_line' id='line_1_6' title="bbox 119 439 1595 509; baseline -0.003 -19"><span class='ocrx_word' id='word_1_36' title='bbox 119 455 226 490; x_wconf 83' lang='lat' dir='ltr'>rato</span> <span class='ocrx_word' id='word_1_37' title='bbox 278 443 531 491; x_wconf 84' lang='lat' dir='ltr'>innotuere</span> <span class='ocrx_word' id='word_1_38' title='bbox 580 441 672 489; x_wconf 86' lang='lat' dir='ltr'>illae</span> <span class='ocrx_word' id='word_1_39' title='bbox 710 440 1020 505; x_wconf 80' lang='lat' dir='ltr'>pulcherrimi</span> <span class='ocrx_word' id='word_1_40' title='bbox 1070 441 1231 504; x_wconf 89' lang='lat' dir='ltr'>operis</span> <span class='ocrx_word' id='word_1_41' title='bbox 1277 439 1595 509; x_wconf 44' lang='lat' dir='ltr'>reli-pysana,</span> 
     </span>
     <span class='ocr_line' id='line_1_7' title="bbox 121 502 1568 575; baseline -0.001 -19"><span class='ocrx_word' id='word_1_42' title='bbox 121 510 261 574; x_wconf 81' lang='lat' dir='ltr'>quiae.</span> <span class='ocrx_word' id='word_1_43' title='bbox 289 507 456 557; x_wconf 82' lang='lat' dir='ltr'>Primae</span> <span class='ocrx_word' id='word_1_44' title='bbox 492 508 614 557; x_wconf 86' lang='lat' dir='ltr'>Livii</span> <span class='ocrx_word' id='word_1_45' title='bbox 664 509 901 556; x_wconf 87' lang='lat' dir='ltr'>editiones</span> <span class='ocrx_word' id='word_1_46' title='bbox 942 521 1150 556; x_wconf 87' lang='lat' dir='ltr'>exeunte</span> <span class='ocrx_word' id='word_1_47' title='bbox 1183 506 1281 555; x_wconf 89' lang='lat' dir='ltr'>XV</span> <span class='ocrx_word' id='word_1_48' title='bbox 1315 507 1391 556; x_wconf 87' lang='lat' dir='ltr'>se·</span> <span class='ocrx_word' id='word_1_49' title='bbox 1406 502 1568 575; x_wconf 33' lang='lat' dir='ltr'>dwarf„-</span> 
     </span>
     <span class='ocr_line' id='line_1_8' title="bbox 121 574 1605 635; baseline 0.001 -12"><span class='ocrx_word' id='word_1_50' title='bbox 121 576 234 624; x_wconf 89' lang='lat' dir='ltr'>culo</span> <span class='ocrx_word' id='word_1_51' title='bbox 267 575 318 624; x_wconf 90' lang='lat'>&amp;</span> <span class='ocrx_word' id='word_1_52' title='bbox 356 577 553 625; x_wconf 89' lang='lat' dir='ltr'>ineunte</span> <span class='ocrx_word' id='word_1_53' title='bbox 587 574 711 623; x_wconf 90' lang='lat' dir='ltr'>XVI</span> <span class='ocrx_word' id='word_1_54' title='bbox 747 574 928 623; x_wconf 75' lang='lat' dir='ltr'>excusae</span> <span class='ocrx_word' id='word_1_55' title='bbox 952 611 967 635; x_wconf 91' lang='lat'>‚</span> <span class='ocrx_word' id='word_1_56' title='bbox 1009 575 1239 623; x_wconf 87' lang='lat' dir='ltr'>exhibent</span> <span class='ocrx_word' id='word_1_57' title='bbox 1285 590 1389 623; x_wconf 87' lang='lat' dir='ltr'>tan·</span> <span class='ocrx_word' id='word_1_58' title='bbox 1405 576 1605 617; x_wconf 43' lang='lat' dir='ltr'>tempor-12</span> 
     </span>
     <span class='ocr_line' id='line_1_9' title="bbox 120 623 1570 725; baseline -0.001 -33"><span class='ocrx_word' id='word_1_59' title='bbox 120 643 377 693; x_wconf 85' lang='lat' dir='ltr'>tummodo</span> <span class='ocrx_word' id='word_1_60' title='bbox 409 646 647 710; x_wconf 83' lang='lat' dir='ltr'>primam,</span> <span class='ocrx_word' id='word_1_61' title='bbox 681 645 868 691; x_wconf 82' lang='lat' dir='ltr'>tertiam</span> <span class='ocrx_word' id='word_1_62' title='bbox 893 678 908 701; x_wconf 83' lang='lat'>,</span> <span class='ocrx_word' id='word_1_63' title='bbox 949 643 1000 690; x_wconf 86' lang='lat'>&amp;</span> <span class='ocrx_word' id='word_1_64' title='bbox 1043 656 1260 706; x_wconf 85' lang='lat' dir='ltr'>quartam</span> <span class='ocrx_word' id='word_1_65' title='bbox 1305 644 1391 692; x_wconf 85' lang='lat' dir='ltr'>de·</span> <span class='ocrx_word' id='word_1_66' title='bbox 1406 623 1570 725; x_wconf 36' lang='lat'>&amp;24⁹</span> 
     </span>
     <span class='ocr_line' id='line_1_10' title="bbox 121 697 1511 777; baseline 0.001 -18"><span class='ocrx_word' id='word_1_67' title='bbox 121 710 263 759; x_wconf 88' lang='lat' dir='ltr'>cades</span> <span class='ocrx_word' id='word_1_68' title='bbox 294 728 307 771; x_wconf 92' lang='lat'>;</span> <span class='ocrx_word' id='word_1_69' title='bbox 347 727 563 777; x_wconf 87' lang='lat' dir='ltr'>quartam</span> <span class='ocrx_word' id='word_1_70' title='bbox 601 711 796 776; x_wconf 84' lang='lat' dir='ltr'>quidem</span> <span class='ocrx_word' id='word_1_71' title='bbox 836 727 936 758; x_wconf 90' lang='lat' dir='ltr'>non</span> <span class='ocrx_word' id='word_1_72' title='bbox 983 712 1217 776; x_wconf 85' lang='lat' dir='ltr'>integram</span> <span class='ocrx_word' id='word_1_73' title='bbox 1244 748 1259 771; x_wconf 92' lang='lat'>,</span> <span class='ocrx_word' id='word_1_74' title='bbox 1310 697 1441 760; x_wconf 60' lang='lat' dir='ltr'>sedae</span> <span class='ocrx_word' id='word_1_75' title='bbox 1479 699 1511 725; x_wconf 56' lang='grc' dir='ltr'>ι’</span> 
     </span>
     <span class='ocr_line' id='line_1_11' title="bbox 121 776 1397 845; baseline 0.002 -20"><span class='ocrx_word' id='word_1_76' title='bbox 121 777 332 826; x_wconf 86' lang='lat' dir='ltr'>hiulcam</span> <span class='ocrx_word' id='word_1_77' title='bbox 359 781 409 827; x_wconf 86' lang='lat'>&amp;</span> <span class='ocrx_word' id='word_1_78' title='bbox 437 779 651 827; x_wconf 85' lang='lat' dir='ltr'>mutilam</span> <span class='ocrx_word' id='word_1_79' title='bbox 672 815 687 838; x_wconf 96' lang='lat'>,</span> <span class='ocrx_word' id='word_1_80' title='bbox 720 794 867 843; x_wconf 83' lang='lat' dir='ltr'>quum</span> <span class='ocrx_word' id='word_1_81' title='bbox 887 776 1066 826; x_wconf 81' lang='lat' dir='ltr'>abeffet</span> <span class='ocrx_word' id='word_1_82' title='bbox 1093 793 1221 826; x_wconf 88' lang='lat' dir='ltr'>totus</span> <span class='ocrx_word' id='word_1_83' title='bbox 1248 780 1397 845; x_wconf 85' lang='lat' dir='ltr'>trige-</span> 
     </span>
     <span class='ocr_line' id='line_1_12' title="bbox 123 844 1399 913; baseline 0.002 -20"><span class='ocrx_word' id='word_1_84' title='bbox 123 844 265 894; x_wconf 85' lang='lat' dir='ltr'>fimus</span> <span class='ocrx_word' id='word_1_85' title='bbox 301 849 464 895; x_wconf 89' lang='lat' dir='ltr'>tertius</span> <span class='ocrx_word' id='word_1_86' title='bbox 499 845 619 894; x_wconf 89' lang='lat' dir='ltr'>liber</span> <span class='ocrx_word' id='word_1_87' title='bbox 639 882 654 906; x_wconf 91' lang='lat'>,</span> <span class='ocrx_word' id='word_1_88' title='bbox 687 845 738 894; x_wconf 87' lang='lat'>&amp;</span> <span class='ocrx_word' id='word_1_89' title='bbox 771 862 944 912; x_wconf 87' lang='lat' dir='ltr'>magna</span> <span class='ocrx_word' id='word_1_90' title='bbox 985 862 1092 910; x_wconf 88' lang='lat' dir='ltr'>pars</span> <span class='ocrx_word' id='word_1_91' title='bbox 1123 845 1399 913; x_wconf 84' lang='lat' dir='ltr'>quadrage-</span> 
     </span>
     <span class='ocr_line' id='line_1_13' title="bbox 116 911 1403 981; baseline 0.002 -21"><span class='ocrx_word' id='word_1_92' title='bbox 116 911 258 973; x_wconf 88' lang='lat' dir='ltr'>-simi,</span> <span class='ocrx_word' id='word_1_93' title='bbox 292 916 370 980; x_wconf 90' lang='lat' dir='ltr'>qui</span> <span class='ocrx_word' id='word_1_94' title='bbox 403 912 656 962; x_wconf 86' lang='lat' dir='ltr'>finiebatur</span> <span class='ocrx_word' id='word_1_95' title='bbox 694 915 741 961; x_wconf 90' lang='lat' dir='ltr'>in</span> <span class='ocrx_word' id='word_1_96' title='bbox 764 914 834 960; x_wconf 90' lang='lat' dir='ltr'>his</span> <span class='ocrx_word' id='word_1_97' title='bbox 867 911 1025 961; x_wconf 90' lang='lat' dir='ltr'>verbis</span> <span class='ocrx_word' id='word_1_98' title='bbox 1061 929 1167 979; x_wconf 89' lang='lat' dir='ltr'>cap.</span> <span class='ocrx_word' id='word_1_99' title='bbox 1199 928 1293 979; x_wconf 86' lang='lat'>37,</span> <span class='ocrx_word' id='word_1_100' title='bbox 1318 932 1403 981; x_wconf 85' lang='lat' dir='ltr'>per</span> 
     </span>
     <span class='ocr_line' id='line_1_14' title="bbox 125 979 1396 1046; baseline 0.003 -18"><span class='ocrx_word' id='word_1_101' title='bbox 125 983 279 1028; x_wconf 80' lang='lat' dir='ltr'>omnia</span> <span class='ocrx_word' id='word_1_102' title='bbox 332 979 440 1046; x_wconf 68' lang='lat' dir='ltr'>fora</span> <span class='ocrx_word' id='word_1_103' title='bbox 493 981 882 1045; x_wconf 77' lang='lat' dir='ltr'>conciliabulaque</span> <span class='ocrx_word' id='word_1_104' title='bbox 936 983 1182 1029; x_wconf 77' lang='lat' dir='ltr'>edixerunt.</span> <span class='ocrx_word' id='word_1_105' title='bbox 1242 983 1396 1032; x_wconf 86' lang='lat' dir='ltr'>Anno</span> 
     </span>
     <span class='ocr_line' id='line_1_15' title="bbox 123 1046 1404 1115; baseline 0.004 -20"><span class='ocrx_word' id='word_1_106' title='bbox 123 1046 410 1096; x_wconf 85' lang='lat' dir='ltr'>MDXVlII</span> <span class='ocrx_word' id='word_1_107' title='bbox 435 1085 449 1106; x_wconf 90' lang='lat'>,</span> <span class='ocrx_word' id='word_1_108' title='bbox 487 1048 754 1115; x_wconf 81' lang='lat' dir='ltr'>Magontiae</span> <span class='ocrx_word' id='word_1_109' title='bbox 793 1065 852 1097; x_wconf 89' lang='lat' dir='ltr'>ex</span> <span class='ocrx_word' id='word_1_110' title='bbox 890 1049 1179 1097; x_wconf 86' lang='lat' dir='ltr'>membranis</span> <span class='ocrx_word' id='word_1_111' title='bbox 1219 1049 1404 1100; x_wconf 85' lang='lat' dir='ltr'>biblio-</span> 
     </span>
     <span class='ocr_line' id='line_1_16' title="bbox 125 1115 1404 1182; baseline 0.004 -20"><span class='ocrx_word' id='word_1_112' title='bbox 125 1115 279 1164; x_wconf 85' lang='lat' dir='ltr'>thecae</span> <span class='ocrx_word' id='word_1_113' title='bbox 306 1118 352 1164; x_wconf 89' lang='lat' dir='ltr'>in</span> <span class='ocrx_word' id='word_1_114' title='bbox 386 1116 490 1164; x_wconf 85' lang='lat' dir='ltr'>aede</span> <span class='ocrx_word' id='word_1_115' title='bbox 518 1117 696 1164; x_wconf 87' lang='lat' dir='ltr'>ibidem</span> <span class='ocrx_word' id='word_1_116' title='bbox 723 1118 930 1164; x_wconf 88' lang='lat' dir='ltr'>maxima</span> <span class='ocrx_word' id='word_1_117' title='bbox 961 1117 1014 1164; x_wconf 89' lang='lat'>&amp;</span> <span class='ocrx_word' id='word_1_118' title='bbox 1046 1116 1404 1182; x_wconf 83' lang='lat' dir='ltr'>Metropolita&#39;-</span> 
     </span>
     <span class='ocr_line' id='line_1_17' title="bbox 125 1182 1402 1250; baseline 0.004 -20"><span class='ocrx_word' id='word_1_119' title='bbox 125 1201 187 1231; x_wconf 85' lang='lat' dir='ltr'>na</span> <span class='ocrx_word' id='word_1_120' title='bbox 208 1221 222 1243; x_wconf 93' lang='lat'>,</span> <span class='ocrx_word' id='word_1_121' title='bbox 252 1182 320 1231; x_wconf 88' lang='lat' dir='ltr'>D.</span> <span class='ocrx_word' id='word_1_122' title='bbox 347 1184 541 1232; x_wconf 85' lang='lat' dir='ltr'>Martini</span> <span class='ocrx_word' id='word_1_123' title='bbox 571 1184 839 1250; x_wconf 80' lang='lat' dir='ltr'>appellata,</span> <span class='ocrx_word' id='word_1_124' title='bbox 872 1183 1035 1231; x_wconf 82' lang='lat' dir='ltr'>addita</span> <span class='ocrx_word' id='word_1_125' title='bbox 1063 1183 1128 1232; x_wconf 85' lang='lat' dir='ltr'>est</span> <span class='ocrx_word' id='word_1_126' title='bbox 1158 1202 1265 1249; x_wconf 87' lang='lat' dir='ltr'>pars</span> <span class='ocrx_word' id='word_1_127' title='bbox 1293 1186 1402 1235; x_wconf 80' lang='lat' dir='ltr'>libri</span> 
     </span>
     <span class='ocr_line' id='line_1_18' title="bbox 125 1250 1404 1317; baseline 0.002 -18"><span class='ocrx_word' id='word_1_128' title='bbox 125 1253 254 1299; x_wconf 90' lang='lat' dir='ltr'>tertii</span> <span class='ocrx_word' id='word_1_129' title='bbox 290 1253 340 1299; x_wconf 86' lang='lat'>&amp;</span> <span class='ocrx_word' id='word_1_130' title='bbox 375 1250 598 1317; x_wconf 78' lang='lat' dir='ltr'>trigesimi</span> <span class='ocrx_word' id='word_1_131' title='bbox 628 1252 685 1298; x_wconf 89' lang='lat' dir='ltr'>ab</span> <span class='ocrx_word' id='word_1_132' title='bbox 720 1253 787 1299; x_wconf 88' lang='lat' dir='ltr'>his</span> <span class='ocrx_word' id='word_1_133' title='bbox 818 1252 980 1299; x_wconf 90' lang='lat' dir='ltr'>verbis</span> <span class='ocrx_word' id='word_1_134' title='bbox 1015 1270 1120 1317; x_wconf 84' lang='lat' dir='ltr'>cap.</span> <span class='ocrx_word' id='word_1_135' title='bbox 1162 1268 1246 1312; x_wconf 76' lang='lat'>17,</span> <span class='ocrx_word' id='word_1_136' title='bbox 1270 1257 1404 1302; x_wconf 67' lang='lat' dir='ltr'>arblis</span> 
     </span>
     <span class='ocr_line' id='line_1_19' title="bbox 117 1316 1404 1386; baseline 0.004 -21"><span class='ocrx_word' id='word_1_137' title='bbox 117 1316 339 1383; x_wconf 80' lang='lat' dir='ltr'>faucibus</span> <span class='ocrx_word' id='word_1_138' title='bbox 371 1321 587 1366; x_wconf 80' lang='lat' dir='ltr'>colzaerens</span> <span class='ocrx_word' id='word_1_139' title='bbox 626 1320 903 1367; x_wconf 66' lang='lat' dir='ltr'>Acarnania</span> <span class='ocrx_word' id='word_1_140' title='bbox 925 1356 939 1378; x_wconf 91' lang='lat'>,</span> <span class='ocrx_word' id='word_1_141' title='bbox 973 1319 1025 1368; x_wconf 72' lang='grc' dir='ltr'>ὅ(</span> <span class='ocrx_word' id='word_1_142' title='bbox 1068 1320 1200 1386; x_wconf 89' lang='lat' dir='ltr'>quod</span> <span class='ocrx_word' id='word_1_143' title='bbox 1236 1321 1404 1370; x_wconf 88' lang='lat' dir='ltr'>deerat</span> 
     </span>
     <span class='ocr_line' id='line_1_20' title="bbox 125 1385 1403 1452; baseline 0.002 -19"><span class='ocrx_word' id='word_1_144' title='bbox 125 1385 250 1433; x_wconf 85' lang='lat' dir='ltr'>libro</span> <span class='ocrx_word' id='word_1_145' title='bbox 301 1385 664 1452; x_wconf 83' lang='lat' dir='ltr'>quadragesimo</span> <span class='ocrx_word' id='word_1_146' title='bbox 711 1386 857 1452; x_wconf 89' lang='lat' dir='ltr'>usque</span> <span class='ocrx_word' id='word_1_147' title='bbox 901 1386 961 1434; x_wconf 91' lang='lat' dir='ltr'>ad</span> <span class='ocrx_word' id='word_1_148' title='bbox 1015 1385 1182 1435; x_wconf 85' lang='lat' dir='ltr'>finem.</span> <span class='ocrx_word' id='word_1_149' title='bbox 1228 1387 1403 1437; x_wconf 88' lang='lat' dir='ltr'>Annus</span> 
     </span>
     <span class='ocr_line' id='line_1_21' title="bbox 124 1452 1406 1519; baseline 0.002 -18"><span class='ocrx_word' id='word_1_150' title='bbox 124 1452 340 1516; x_wconf 85' lang='lat' dir='ltr'>ejusdem</span> <span class='ocrx_word' id='word_1_151' title='bbox 375 1453 520 1502; x_wconf 90' lang='lat' dir='ltr'>seculi</span> <span class='ocrx_word' id='word_1_152' title='bbox 554 1456 732 1518; x_wconf 87' lang='lat' dir='ltr'>primus</span> <span class='ocrx_word' id='word_1_153' title='bbox 758 1454 807 1502; x_wconf 87' lang='lat'>&amp;</span> <span class='ocrx_word' id='word_1_154' title='bbox 834 1452 1099 1519; x_wconf 81' lang='lat' dir='ltr'>trigesimus</span> <span class='ocrx_word' id='word_1_155' title='bbox 1138 1472 1273 1503; x_wconf 86' lang='lat' dir='ltr'>novo</span> <span class='ocrx_word' id='word_1_156' title='bbox 1303 1474 1406 1503; x_wconf 89' lang='lat' dir='ltr'>rur·</span> 
     </span>
     <span class='ocr_line' id='line_1_22' title="bbox 127 1520 1404 1587; baseline 0.002 -18"><span class='ocrx_word' id='word_1_157' title='bbox 127 1520 229 1569; x_wconf 90' lang='lat' dir='ltr'>sum</span> <span class='ocrx_word' id='word_1_158' title='bbox 271 1539 362 1571; x_wconf 91' lang='lat' dir='ltr'>nos</span> <span class='ocrx_word' id='word_1_159' title='bbox 396 1538 638 1587; x_wconf 83' lang='lat' dir='ltr'>proventu</span> <span class='ocrx_word' id='word_1_160' title='bbox 682 1521 861 1570; x_wconf 88' lang='lat' dir='ltr'>beavit.</span> <span class='ocrx_word' id='word_1_161' title='bbox 903 1521 1032 1573; x_wconf 87' lang='lat' dir='ltr'>Tum</span> <span class='ocrx_word' id='word_1_162' title='bbox 1075 1525 1122 1569; x_wconf 90' lang='lat' dir='ltr'>in</span> <span class='ocrx_word' id='word_1_163' title='bbox 1161 1523 1404 1572; x_wconf 86' lang='lat' dir='ltr'>Helvetiis</span> 
     </span>
     <span class='ocr_line' id='line_1_23' title="bbox 117 1584 1404 1656; baseline 0.002 -18"><span class='ocrx_word' id='word_1_164' title='bbox 117 1584 293 1638; x_wconf 86' lang='lat' dir='ltr'>-Simon</span> <span class='ocrx_word' id='word_1_165' title='bbox 325 1587 567 1654; x_wconf 85' lang='lat' dir='ltr'>Grynaeus</span> <span class='ocrx_word' id='word_1_166' title='bbox 598 1590 792 1638; x_wconf 85' lang='lat' dir='ltr'>ultimos</span> <span class='ocrx_word' id='word_1_167' title='bbox 814 1590 1025 1655; x_wconf 87' lang='lat' dir='ltr'>quinque</span> <span class='ocrx_word' id='word_1_168' title='bbox 1058 1590 1204 1639; x_wconf 87' lang='lat' dir='ltr'>libros</span> <span class='ocrx_word' id='word_1_169' title='bbox 1239 1608 1404 1656; x_wconf 84' lang='lat' dir='ltr'>reper-</span> 
     </span>
     <span class='ocr_line' id='line_1_24' title="bbox 129 1656 1401 1718; baseline 0.001 -13"><span class='ocrx_word' id='word_1_170' title='bbox 129 1670 208 1705; x_wconf 89' lang='lat' dir='ltr'>tos</span> <span class='ocrx_word' id='word_1_171' title='bbox 225 1658 271 1704; x_wconf 90' lang='lat' dir='ltr'>in</span> <span class='ocrx_word' id='word_1_172' title='bbox 296 1658 585 1705; x_wconf 85' lang='lat' dir='ltr'>membranis</span> <span class='ocrx_word' id='word_1_173' title='bbox 608 1658 667 1705; x_wconf 86' lang='lat' dir='ltr'>ad</span> <span class='ocrx_word' id='word_1_174' title='bbox 684 1656 1020 1706; x_wconf 82' lang='lat' dir='ltr'>monasterium</span> <span class='ocrx_word' id='word_1_175' title='bbox 1042 1657 1366 1708; x_wconf 81' lang='lat' dir='ltr'>Lauriffenum</span> <span class='ocrx_word' id='word_1_176' title='bbox 1384 1696 1401 1718; x_wconf 89' lang='lat'>‚</span> 
     </span>
     <span class='ocr_line' id='line_1_25' title="bbox 125 1723 1401 1792; baseline 0.002 -19"><span class='ocrx_word' id='word_1_177' title='bbox 125 1724 276 1790; x_wconf 64' lang='lat' dir='ltr'>vulgi)</span> <span class='ocrx_word' id='word_1_178' title='bbox 303 1723 576 1782; x_wconf 86' lang='lat' dir='ltr'>Lorssense‚</span> <span class='ocrx_word' id='word_1_179' title='bbox 609 1741 636 1773; x_wconf 93' lang='lat' dir='ltr'>e</span> <span class='ocrx_word' id='word_1_180' title='bbox 661 1726 858 1791; x_wconf 80' lang='lat' dir='ltr'>regione</span> <span class='ocrx_word' id='word_1_181' title='bbox 891 1724 1238 1792; x_wconf 77' lang='lat' dir='ltr'>Borbetomagi</span> <span class='ocrx_word' id='word_1_182' title='bbox 1271 1744 1401 1775; x_wconf 82' lang='lat' dir='ltr'>trans</span> 
     </span>
     <span class='ocr_line' id='line_1_26' title="bbox 126 1789 1404 1858; baseline 0.002 -18"><span class='ocrx_word' id='word_1_183' title='bbox 126 1789 354 1840; x_wconf 87' lang='lat' dir='ltr'>Rhenum</span> <span class='ocrx_word' id='word_1_184' title='bbox 374 1830 389 1851; x_wconf 90' lang='lat'>,</span> <span class='ocrx_word' id='word_1_185' title='bbox 423 1809 507 1857; x_wconf 88' lang='lat' dir='ltr'>per</span> <span class='ocrx_word' id='word_1_186' title='bbox 539 1791 777 1841; x_wconf 83' lang='lat' dir='ltr'>Joannern</span> <span class='ocrx_word' id='word_1_187' title='bbox 804 1791 1096 1841; x_wconf 86' lang='lat' dir='ltr'>Frobenium</span> <span class='ocrx_word' id='word_1_188' title='bbox 1129 1795 1308 1858; x_wconf 68' lang='lat' dir='ltr'>publici</span> <span class='ocrx_word' id='word_1_189' title='bbox 1331 1793 1404 1858; x_wconf 76' lang='lat' dir='ltr'>ju-</span> 
     </span>
     <span class='ocr_line' id='line_1_27' title="bbox 125 1858 1403 1925; baseline 0.003 -19"><span class='ocrx_word' id='word_1_190' title='bbox 125 1860 190 1906; x_wconf 83' lang='lat' dir='ltr'>ris</span> <span class='ocrx_word' id='word_1_191' title='bbox 208 1858 338 1907; x_wconf 80' lang='lat' dir='ltr'>fecit.</span> <span class='ocrx_word' id='word_1_192' title='bbox 366 1859 596 1925; x_wconf 84' lang='lat' dir='ltr'>Denique</span> <span class='ocrx_word' id='word_1_193' title='bbox 614 1879 740 1910; x_wconf 87' lang='lat' dir='ltr'>anno</span> <span class='ocrx_word' id='word_1_194' title='bbox 770 1859 1030 1909; x_wconf 86' lang='lat' dir='ltr'><strong>MDCXV</strong></span> <span class='ocrx_word' id='word_1_195' title='bbox 1053 1898 1067 1920; x_wconf 84' lang='lat'>‚</span> <span class='ocrx_word' id='word_1_196' title='bbox 1092 1859 1134 1909; x_wconf 83' lang='lat' dir='ltr'>J.</span> <span class='ocrx_word' id='word_1_197' title='bbox 1156 1861 1370 1910; x_wconf 88' lang='lat' dir='ltr'>Horrion</span> <span class='ocrx_word' id='word_1_198' title='bbox 1387 1899 1403 1922; x_wconf 93' lang='lat'>,</span> 
     </span>
     <span class='ocr_line' id='line_1_28' title="bbox 128 1925 1406 1995; baseline 0.002 -21"><span class='ocrx_word' id='word_1_199' title='bbox 128 1925 367 1975; x_wconf 88' lang='lat' dir='ltr'>societatis</span> <span class='ocrx_word' id='word_1_200' title='bbox 402 1926 506 1976; x_wconf 90' lang='lat' dir='ltr'>Jesu</span> <span class='ocrx_word' id='word_1_201' title='bbox 538 1927 758 1977; x_wconf 86' lang='lat' dir='ltr'>sacerdos</span> <span class='ocrx_word' id='word_1_202' title='bbox 783 1965 799 1989; x_wconf 91' lang='lat'>,</span> <span class='ocrx_word' id='word_1_203' title='bbox 833 1927 1115 1995; x_wconf 83' lang='lat' dir='ltr'>Bambergae</span> <span class='ocrx_word' id='word_1_204' title='bbox 1155 1929 1269 1977; x_wconf 87' lang='lat' dir='ltr'>dum</span> <span class='ocrx_word' id='word_1_205' title='bbox 1310 1929 1406 1977; x_wconf 87' lang='lat' dir='ltr'>sin-</span> 
     </span>
     <span class='ocr_line' id='line_1_29' title="bbox 131 1994 1407 2061; baseline 0.003 -20"><span class='ocrx_word' id='word_1_206' title='bbox 131 1994 270 2060; x_wconf 87' lang='lat' dir='ltr'>gulos</span> <span class='ocrx_word' id='word_1_207' title='bbox 302 1994 608 2043; x_wconf 83' lang='lat' dir='ltr'>bibliothecae</span> <span class='ocrx_word' id='word_1_208' title='bbox 634 1997 835 2061; x_wconf 80' lang='lat' dir='ltr'>publicae</span> <span class='ocrx_word' id='word_1_209' title='bbox 868 1996 1060 2044; x_wconf 81' lang='lat' dir='ltr'>codices</span> <span class='ocrx_word' id='word_1_210' title='bbox 1093 1999 1298 2056; x_wconf 75' lang='lat' dir='ltr'>excutit,</span> <span class='ocrx_word' id='word_1_211' title='bbox 1332 1999 1407 2046; x_wconf 89' lang='lat' dir='ltr'>in-</span> 
     </span>
     <span class='ocr_line' id='line_1_30' title="bbox 119 2062 1407 2129; baseline 0.002 -19"><span class='ocrx_word' id='word_1_212' title='bbox 119 2062 243 2110; x_wconf 88' lang='lat' dir='ltr'>·cidit</span> <span class='ocrx_word' id='word_1_213' title='bbox 273 2062 320 2109; x_wconf 87' lang='lat' dir='ltr'>in</span> <span class='ocrx_word' id='word_1_214' title='bbox 360 2064 693 2121; x_wconf 78' lang='lat' dir='ltr'>membranas,</span> <span class='ocrx_word' id='word_1_215' title='bbox 733 2081 839 2129; x_wconf 83' lang='lat' dir='ltr'>quae</span> <span class='ocrx_word' id='word_1_216' title='bbox 877 2064 1151 2128; x_wconf 84' lang='lat' dir='ltr'>complures</span> <span class='ocrx_word' id='word_1_217' title='bbox 1182 2063 1247 2112; x_wconf 87' lang='lat' dir='ltr'>T.</span> <span class='ocrx_word' id='word_1_218' title='bbox 1283 2064 1407 2113; x_wconf 88' lang='lat' dir='ltr'>Livii</span> 
     </span>
     <span class='ocr_line' id='line_1_31' title="bbox 119 2128 1407 2198; baseline 0.003 -22"><span class='ocrx_word' id='word_1_219' title='bbox 119 2128 279 2177; x_wconf 40' lang='lat' dir='ltr'>&lt;libros</span> <span class='ocrx_word' id='word_1_220' title='bbox 301 2166 315 2188; x_wconf 90' lang='lat'>,</span> <span class='ocrx_word' id='word_1_221' title='bbox 349 2131 396 2177; x_wconf 91' lang='lat' dir='ltr'>in</span> <span class='ocrx_word' id='word_1_222' title='bbox 421 2130 491 2177; x_wconf 89' lang='lat' dir='ltr'>his</span> <span class='ocrx_word' id='word_1_223' title='bbox 529 2147 714 2196; x_wconf 84' lang='lat' dir='ltr'>partem</span> <span class='ocrx_word' id='word_1_224' title='bbox 746 2133 954 2197; x_wconf 83' lang='lat' dir='ltr'>priorem</span> <span class='ocrx_word' id='word_1_225' title='bbox 989 2134 1113 2180; x_wconf 86' lang='lat' dir='ltr'>tertii</span> <span class='ocrx_word' id='word_1_226' title='bbox 1142 2131 1192 2179; x_wconf 88' lang='lat'>&amp;</span> <span class='ocrx_word' id='word_1_227' title='bbox 1220 2131 1407 2198; x_wconf 83' lang='lat' dir='ltr'>trigesi-</span> 
     </span>
     <span class='ocr_line' id='line_1_32' title="bbox 132 2196 1409 2264; baseline 0.004 -20"><span class='ocrx_word' id='word_1_228' title='bbox 132 2198 200 2244; x_wconf 91' lang='lat' dir='ltr'>mi</span> <span class='ocrx_word' id='word_1_229' title='bbox 230 2197 384 2245; x_wconf 87' lang='lat' dir='ltr'>adhuc</span> <span class='ocrx_word' id='word_1_230' title='bbox 435 2196 747 2246; x_wconf 74' lang='lat' dir='ltr'>desideratam</span> <span class='ocrx_word' id='word_1_231' title='bbox 787 2199 1038 2246; x_wconf 76' lang='lat' dir='ltr'>servabant</span> <span class='ocrx_word' id='word_1_232' title='bbox 1059 2236 1074 2256; x_wconf 90' lang='lat'>,</span> <span class='ocrx_word' id='word_1_233' title='bbox 1105 2216 1249 2264; x_wconf 89' lang='lat' dir='ltr'>quem</span> <span class='ocrx_word' id='word_1_234' title='bbox 1285 2202 1409 2250; x_wconf 85' lang='lat' dir='ltr'>duo-</span> 
     </span>
     <span class='ocr_line' id='line_1_33' title="bbox 131 2263 1148 2331; baseline 0.002 -19"><span class='ocrx_word' id='word_1_235' title='bbox 131 2263 220 2313; x_wconf 89' lang='lat' dir='ltr'>bus</span> <span class='ocrx_word' id='word_1_236' title='bbox 256 2263 362 2329; x_wconf 89' lang='lat' dir='ltr'>post</span> <span class='ocrx_word' id='word_1_237' title='bbox 391 2267 523 2312; x_wconf 86' lang='lat' dir='ltr'>annis</span> <span class='ocrx_word' id='word_1_238' title='bbox 562 2264 882 2315; x_wconf 84' lang='lat' dir='ltr'>Paderbornae</span> <span class='ocrx_word' id='word_1_239' title='bbox 914 2267 1148 2331; x_wconf 78' lang='lat' dir='ltr'>vulgavit.</span> 
     </span>
    </p>

    <p class='ocr_par' dir='ltr' id='par_1_5' title="bbox 133 2331 1617 2719">
     <span class='ocr_line' id='line_1_34' title="bbox 199 2331 1612 2398; baseline 0.002 -20"><span class='ocrx_word' id='word_1_240' title='bbox 199 2331 317 2379; x_wconf 83' lang='lat' dir='ltr'>Haec</span> <span class='ocrx_word' id='word_1_241' title='bbox 345 2331 404 2379; x_wconf 87' lang='lat' dir='ltr'>ad</span> <span class='ocrx_word' id='word_1_242' title='bbox 424 2351 512 2381; x_wconf 92' lang='lat' dir='ltr'>nos</span> <span class='ocrx_word' id='word_1_243' title='bbox 533 2349 590 2382; x_wconf 86' lang='lat' dir='ltr'>ex</span> <span class='ocrx_word' id='word_1_244' title='bbox 606 2334 802 2381; x_wconf 80' lang='lat' dir='ltr'>Liviana</span> <span class='ocrx_word' id='word_1_245' title='bbox 831 2332 1022 2383; x_wconf 83' lang='lat' dir='ltr'>historia</span> <span class='ocrx_word' id='word_1_246' title='bbox 1042 2347 1367 2398; x_wconf 80' lang='lat' dir='ltr'>pervenerunt</span> <span class='ocrx_word' id='word_1_247' title='bbox 1385 2371 1401 2394; x_wconf 94' lang='lat'>,</span> <span class='ocrx_word' id='word_1_248' title='bbox 1451 2351 1612 2393; x_wconf 60' lang='lat' dir='ltr'>Ceteros</span> 
     </span>
     <span class='ocr_line' id='line_1_35' title="bbox 133 2399 1580 2466; baseline 0.005 -21"><span class='ocrx_word' id='word_1_249' title='bbox 133 2399 214 2446; x_wconf 85' lang='lat' dir='ltr'>vix</span> <span class='ocrx_word' id='word_1_250' title='bbox 243 2415 406 2463; x_wconf 83' lang='lat' dir='ltr'>quarta</span> <span class='ocrx_word' id='word_1_251' title='bbox 425 2418 532 2464; x_wconf 79' lang='lat' dir='ltr'>pars</span> <span class='ocrx_word' id='word_1_252' title='bbox 554 2406 699 2448; x_wconf 80' lang='lat' dir='ltr'>totius</span> <span class='ocrx_word' id='word_1_253' title='bbox 726 2403 884 2466; x_wconf 87' lang='lat' dir='ltr'>operis</span> <span class='ocrx_word' id='word_1_254' title='bbox 908 2419 917 2448; x_wconf 77' lang='lat' dir='ltr'><em>z</em></span> <span class='ocrx_word' id='word_1_255' title='bbox 939 2419 1044 2466; x_wconf 87' lang='lat' dir='ltr'>quae</span> <span class='ocrx_word' id='word_1_256' title='bbox 1071 2404 1257 2450; x_wconf 89' lang='lat' dir='ltr'>animos</span> <span class='ocrx_word' id='word_1_257' title='bbox 1291 2405 1399 2466; x_wconf 82' lang='lat' dir='ltr'>qui·</span> <span class='ocrx_word' id='word_1_258' title='bbox 1416 2414 1580 2465; x_wconf 80' lang='lat' dir='ltr'>reperiri</span> 
     </span>
     <span class='ocr_line' id='line_1_36' title="bbox 136 2465 1617 2534; baseline 0.003 -21"><span class='ocrx_word' id='word_1_259' title='bbox 136 2465 251 2514; x_wconf 90' lang='lat' dir='ltr'>dem</span> <span class='ocrx_word' id='word_1_260' title='bbox 289 2467 340 2514; x_wconf 81' lang='lat'><strong>&amp;</strong></span> <span class='ocrx_word' id='word_1_261' title='bbox 371 2465 521 2516; x_wconf 61' lang='lat' dir='ltr'>fruciu</span> <span class='ocrx_word' id='word_1_262' title='bbox 553 2467 882 2516; x_wconf 71' lang='lat' dir='ltr'>honestissimae</span> <span class='ocrx_word' id='word_1_263' title='bbox 919 2469 1178 2534; x_wconf 85' lang='lat' dir='ltr'>voluptatis</span> <span class='ocrx_word' id='word_1_264' title='bbox 1204 2469 1617 2534; x_wconf 76' lang='lat' dir='ltr'>perfun-poffefru·</span> 
     </span>
     <span class='ocr_line' id='line_1_37' title="bbox 135 2533 1598 2592; baseline 0.005 -11"><span class='ocrx_word' id='word_1_265' title='bbox 135 2533 204 2581; x_wconf 88' lang='lat' dir='ltr'>dit</span> <span class='ocrx_word' id='word_1_266' title='bbox 225 2571 238 2592; x_wconf 92' lang='lat'>,</span> <span class='ocrx_word' id='word_1_267' title='bbox 264 2533 314 2581; x_wconf 58' lang='grc' dir='ltr'>δέ</span> <span class='ocrx_word' id='word_1_268' title='bbox 346 2534 696 2584; x_wconf 80' lang='lat' dir='ltr'>uriliffirnorum</span> <span class='ocrx_word' id='word_1_269' title='bbox 715 2536 1121 2585; x_wconf 84' lang='lat' dir='ltr'>documentorum</span> <span class='ocrx_word' id='word_1_270' title='bbox 1153 2536 1281 2586; x_wconf 65' lang='lat' dir='ltr'>bona</span> <span class='ocrx_word' id='word_1_271' title='bbox 1305 2534 1598 2588; x_wconf 48' lang='lat' dir='ltr'>fn10strajpe·</span> 
     </span>
     <span class='ocr_line' id='line_1_38' title="bbox 139 2599 1566 2719; baseline 0.006 -71"><span class='ocrx_word' id='word_1_272' title='bbox 139 2616 198 2668; x_wconf 87' lang='lat' dir='ltr'>ge</span> <span class='ocrx_word' id='word_1_273' title='bbox 229 2599 401 2668; x_wconf 80' lang='lat' dir='ltr'>pascit,</span> <span class='ocrx_word' id='word_1_274' title='bbox 431 2601 512 2654; x_wconf 80' lang='lat' dir='ltr'>sed</span> <span class='ocrx_word' id='word_1_275' title='bbox 540 2605 607 2652; x_wconf 83' lang='lat' dir='ltr'>ita</span> <span class='ocrx_word' id='word_1_276' title='bbox 633 2618 685 2653; x_wconf 79' lang='lat' dir='ltr'>ut</span> <span class='ocrx_word' id='word_1_277' title='bbox 716 2602 997 2654; x_wconf 81' lang='lat' dir='ltr'>desiderium</span> <span class='ocrx_word' id='word_1_278' title='bbox 1004 2621 1226 2719; x_wconf 25' lang='lat' dir='ltr'>Arno-que</span> <span class='ocrx_word' id='word_1_279' title='bbox 1255 2607 1310 2655; x_wconf 85' lang='lat'>&amp;</span> <span class='ocrx_word' id='word_1_280' title='bbox 1333 2605 1406 2655; x_wconf 87' lang='lat' dir='ltr'>lu·</span> <span class='ocrx_word' id='word_1_281' title='bbox 1421 2611 1441 2636; x_wconf 89' lang='lat' dir='ltr'>r</span> <span class='ocrx_word' id='word_1_282' title='bbox 1443 2607 1566 2642; x_wconf 67' lang='lat' dir='ltr'>asum.</span> 
     </span>
    </p>

    <p class='ocr_par' dir='ltr' id='par_1_6' title="bbox 1089 2688 1139 2737">
     <span class='ocr_line' id='line_1_39' title="bbox 1089 2688 1139 2737; baseline 0 0"><span class='ocrx_word' id='word_1_283' title='bbox 1089 2688 1139 2737; x_wconf 81' lang='lat' dir='ltr'>V}</span> 
     </span>
    </p>
   </div>
  </div>
 </body>
</html>
