1653 3078
436 131 481 186 L
525 145 547 185 1
593 145 628 185 B
674 142 708 184 E
751 144 791 184 R
886 131 930 186 Ι.
1255 145 1318 210 51

48 209 166 261 lium
195 207 300 259 fuit.
336 208 584 258 Romanus
624 208 859 259 exsultans
879 245 894 268 ,
929 210 1098 266 Duos,
1132 210 1284 276 inquit
1307 247 1326 274 ‚

41 277 231 346 fratrum
257 279 482 325 Manibus
521 279 621 325 dedi
654 295 668 324 .·
698 278 871 324 tertium
893 313 913 334 ,
943 273 1084 337 causae
1112 277 1217 324 belli
1235 281 1320 326 liu-

36 344 164 413 juste
185 382 203 403 ‚
237 359 287 392 ut
311 348 546 399 Romanus
567 345 756 393 Albano
791 346 994 409 imperet,
1027 343 1321 393 dab0.‘Male

41 412 285 462 *sustinenti
316 430 446 460 arma
477 450 491 470 ‚
522 412 731 478 gladium
765 411 963 476 superne
997 407 1164 475 jugulo
1203 409 1326 458 defi-

48 481 148 547 git:
171 478 412 542 jacentem
443 479 633 545 spoliat.
661 478 873 527 Romani
905 495 1110 527 ovantes
1139 494 1193 525 ac
1220 496 1326 544 gra-

46 548 251 596 tulantes
286 547 544 596 Horatium
581 550 852 612 accipiunt:
884 563 944 594 eo
982 543 1167 608 majore
1216 563 1325 594 cum

47 615 253 682 gaudio,
284 634 381 682 quo
414 632 568 680 prope
605 632 788 663 metum
819 631 891 662 res
930 613 1101 661 fuerat.
1130 612 1211 660 Ad
1250 613 1327 661 se-

46 683 284 749 pulturam
312 687 423 733 inde
455 683 645 732 suorum
663 699 968 748 nequaquam
1002 683 1194 745 paribus
1221 683 1327 729 ani-

46 751 137 799 mis
168 766 418 800 vertuntur
445 789 458 810 ‚
499 754 678 816 quippe
714 752 920 814 imperio
973 750 1107 796 alteri
1161 749 1312 809 ancli,

47 816 184 866 alteri
221 818 415 868 ditionis
454 819 618 867 alienae
669 816 793 864 faeci.
836 815 1064 881 Sepulcra
1104 816 1286 865 exstant
1310 851 1328 877 ,

48 901 147 951 quo
174 885 370 952 quisque
397 886 511 934 loco
540 886 714 934 cecidit
740 884 869 943 3duo
890 884 1110 932 Romana
1129 901 1227 932 uno
1248 886 1325 932 lo-

48 969 108 1000 co
141 956 335 1018 propihs
372 952 547 1002 Albam
568 990 581 1012 ‚
612 955 700 1000 tria
737 952 924 999 Albana
961 950 1171 999 Romam
1202 969 1321 1001 ver-

47 1021 123 1068 sils
142 1036 157 1076 ;
177 1020 258 1069 sed
278 1019 492 1069 distantia
509 1022 628 1068 locis
644 1057 656 1077 ‚
687 1020 738 1066 ὃ(
757 1034 807 1066 ut
830 1035 1092 1086 pugnaturn
1121 1018 1203 1067 est.

115 1086 307 1136 XXVI.
340 1087 615 1154 Priusquam
647 1087 761 1136 inde
803 1087 1204 1153 digrederentur,
1237 1104 1321 1136 ro-

46 1158 179 1221 ganti
209 1155 386 1204 Mettio
423 1173 481 1204 ex
514 1155 702 1204 foedere
738 1153 831 1202 ἱξὶο
878 1155 993 1220 quid
1020 1156 1321 1219 imperaret,

45 1224 250 1287 imperat
281 1222 451 1271 Tullus
476 1261 492 1282 ,
523 1227 588 1271 uti
621 1221 923 1286 juventutem
966 1223 1012 1269 in
1048 1224 1190 1270 armis
1234 1222 1322 1271 ha·-

46 1289 198 1338 heat:
234 1288 410 1354 usitrum
448 1289 498 1355 se
542 1309 686 1339 eorum
728 1292 860 1356 operci
879 1328 897 1349 ,
926 1291 975 1353 si
1014 1291 1177 1338 bellum
1220 1308 1321 1338 cum

44 1359 311 1407 Veientibus
333 1357 489 1424 fhret;
510 1360 573 1407 ita
603 1362 840 1407 exercitus
873 1360 986 1405 inde
1023 1356 1197 1407 domos
1228 1359 1323 1406 ab·

46 1424 192 1473 ducii.
227 1424 449 1492 Princeps
482 1425 713 1474 Horatius
755 1425 880 1485 ibat,
906 1426 1175 1492 tergemina
1206 1424 1322 1491 spo-

47 1491 112 1543 lia
137 1511 234 1558 prae
257 1493 302 1542 se
324 1510 492 1561 gerens
516 1512 530 1553 ·,
552 1497 625 1542 cui
643 1493 775 1541 soror
791 1495 930 1560 virgo
949 1531 963 1553 ‚
986 1510 1090 1558 quae
1109 1493 1324 1558 despon-

48 1558 95 1608 sa
124 1562 206 1609 uni
234 1578 294 1609 ex
328 1561 550 1611 Curiatiis
583 1561 736 1611 fuerat
757 1599 771 1621 ‚
802 1562 951 1610 obvia
985 1576 1095 1609 ante
1130 1577 1323 1627 portam

51 1626 300 1694 Capenam
328 1629 417 1678 fuit
449 1647 459 1677 :
489 1632 783 1697 cognitoque
811 1629 949 1694 super
979 1629 1207 1679 humeros
1228 1629 1326 1681 fra-

48 1697 130 1744 tris
171 1711 192 1761 3
227 1697 571 1762 paludamento
619 1696 810 1763 sponsi,
846 1696 979 1763 quod
1012 1696 1108 1762 ipsa
1155 1696 1327 1748 confe-

52 1779 213 1822 cerat,
236 1764 375 1815 solvit
402 1768 554 1815 crines
573 1803 587 1825 ‚
623 1767 676 1814 &
700 1766 921 1814 flebiliter
953 1766 1153 1814 nomine
1183 1770 1329 1832 spon·

50 1829 153 1879 sum
195 1846 436 1881 mortuum
477 1833 706 1899 appellat.
743 1833 922 1883 Movet
966 1831 1120 1881 feroci
1158 1832 1323 1898 juveni
1343 1843 1540 1887 Horatius

50 1900 265 1947 animum
286 1901 627 1966 ‚comploratio
664 1901 870 1960 sororis,
907 1903 955 1949 in
986 1900 1183 1950 viffiloria
1218 1902 1513 1962 sua‚sororem

0 2003 2 2024 ;
50 1980 283 2033 tantoque
325 1969 501 2033 gaudio
553 1969 763 2035 publico.
803 1967 974 2018 Sti-1510
1021 1970 1182 2033 itaque
1223 1970 1322 2037 gla-
1343 1968 1507 2014 occidit·

0 2031 3 2100 f
53 2034 171 2094 dio,
208 2034 342 2083 simul
379 2037 537 2085 verbis
575 2040 827 2101 increpans
865 2074 880 2094 ‚
914 2034 1144 2103 transfigit
1190 2038 1328 2100 puel·

0 2133 2 2174 ὦ
51 2100 165 2151 lam.
195 2104 292 2151 Abi
324 2105 429 2153 lzz‘nc
459 2122 557 2152 cum
590 2122 623 2164 4
654 2107 889 2152 immaturo
919 2122 1065 2152 amore
1100 2107 1165 2152 ad
1181 2103 1333 2171 spon-

38 2167 144 2234 ficm
172 2207 191 2229 ‚
236 2173 388 2237 inquit
415 2209 433 2233 ‚
474 2173 615 2220 oblita
652 2170 845 2238 flatrum
897 2187 1159 2221 mortuorum
1203 2176 1327 2223 vivi-

121 2303 142 2344 3
171 2292 477 2349 Paludamento]
495 2295 658 2336 Paluda-
720 2296 848 2337 totius
867 2297 1067 2337 exercitas
1090 2312 1170 2337 non
1184 2297 1328 2346 effent,

0 2361 2 2372 ¹
56 2364 233 2393 mentum
259 2355 413 2397 solenni
446 2359 487 2397 &
517 2358 659 2399 ufitaro
722 2358 919 2413 gestamen
968 2358 1092 2398 fnisse.
1128 2360 1238 2412 Quin
1284 2361 1326 2400 ὅ(

0 2464 2 2471 Ῠ
56 2413 272 2468 fignificatu
307 2417 361 2457 est
389 2419 564 2474 chlamys
587 2420 660 2459 im·
723 2420 853 2460 omnia
878 2420 1060 2459 militaria
1088 2433 1325 2460 ornamenta

0 2499 2 2520 =
53 2477 274 2528 peratoria.
297 2477 378 2518 Sed
397 2494 445 2519 ex
463 2481 540 2522 hoc
561 2482 656 2522 loco
718 2482 936 2534 antiquitus
966 2482 1245 2535 paludamenta
1267 2481 1325 2520 di-

0 2541 3 2560 ;
53 2536 236 2578 videmur
254 2540 500 2580 concludere
518 2543 627 2595 poffe
642 2570 654 2589 ,
718 2542 776 2582 &a
810 2542 919 2582 fuiffe
953 2543 1087 2583 Festus
1108 2543 1214 2582 testis
1235 2535 1306 2581 estss

53 2595 151 2637 illud
173 2601 464 2654 praecipuorum
495 2617 656 2658 quoque
779 2617 807 2653 4
857 2603 1069 2645 Immacuro
1099 2604 1116 2658 ]
1170 2604 1326 2644 Intem-

55 2658 198 2702 dusum
216 2687 232 2712 ‚
277 2661 349 2706 etfi
390 2663 657 2720 imperatores
717 2665 896 2721 pestivo.
1242 2679 1244 2683 '
