1689 3078
389 72 1025 147 PECUN118‚'&c.
1170 57 1345 133 xxxii}

141 175 234 227 Pes
264 172 512 222 Romanus
546 158 850 227 Capitolinus
888 154 945 199 ab
983 141 1343 213 diligentissimis
1375 152 1449 193 Pes
1468 150 1546 191 Ro.

75 247 240 296 talium
276 256 430 290 rerum
458 227 813 297 indagatoribus
835 258 848 278 ,
879 217 959 266 sed
994 217 1046 263 &
1070 213 1487 260 Mathema-manus

75 317 276 362 ticarum
301 305 652 369 disciplinarum
696 285 982 358 peritissimis
1012 282 1124 328 viris
1147 315 1160 336 ‚
1182 278 1344 324 Picar-
1359 273 1534 316 undecim

83 380 148 428 do
181 379 232 426 ὅ(
257 375 464 424 Auzutio
488 405 503 429 ,
541 379 716 430 magna
749 373 858 406 cum
893 368 1003 401 cura
1037 345 1313 395 observatus
1334 336 1441 401 ‚ferssz
1466 333 1554 389 pol·

81 456 308 504 inventus
330 448 395 498 est
418 458 574 512 partes
605 438 782 487 habere
816 432 907 496 653
929 465 941 488 ‚
964 425 1046 474 vel
1070 422 1162 488 653
1184 417 1217 483 32-
1232 434 1351 483 qua—
1365 401 1497 512 2¹93}

83 529 154 579 les
176 543 261 593 pes
285 522 441 573 noster
459 511 723 566 Parisienfis
747 509 892 557 habet
911 512 1010 565 720
1035 518 1046 548 ε
1071 516 1125 546 ac
1149 493 1356 562 proinde
1488 484 1503 499 ⁹

84 613 188 645 non
209 608 339 642 totos
357 590 536 638 habere
568 579 790 631 undecim
821 572 1021 641 pollices
1049 560 1327 615 parisienses
1345 595 1362 620 ‚

88 663 308 730 quamvis
328 659 386 705 ab
417 658 470 704 iis
504 665 673 718 parum
704 643 818 694 absit
838 679 852 701 ‚
880 651 1059 702 nempe
1091 632 1235 700 paulo
1257 628 1367 695 plus

90 730 189 779 una
218 726 404 776 decima
433 719 623 787 pollicis
648 727 801 781 parte.
826 708 937 757 Hoc
972 703 1220 752 discrimen
1244 700 1370 745 inter

91 799 372 848 Romanum
403 787 758 847 nostratemque
782 777 932 844 pedes
971 769 1097 819 haud
1122 768 1230 816 sane
1256 782 1370 830 par-

94 881 212 916 vum
248 860 331 911 est.
368 857 560 906 Tamen
599 851 778 918 pedem
818 844 1094 892 Romanum
1117 874 1132 896 ‚
1177 835 1228 883 &
1266 829 1372 894 eius

95 948 256 1001 partes
271 967 284 988 ‚
310 930 361 978 &
382 925 581 976 omnino
602 915 842 967 mensuras
860 912 1028 974 longas
1043 943 1058 965 ‚
1080 917 1254 970 praeter
1274 899 1376 946 sta-

100 1002 234 1050 dium
256 998 308 1046 &
332 993 531 1043 milliare
552 1026 566 1049 ,
597 986 658 1035 ad
688 980 833 1032 nostri
861 978 996 1044 pedis
1021 974 1137 1039 regii
1169 967 1374 1018 modum

99 1080 332 1118 revocare
358 1064 406 1109 in
435 1059 560 1107 notis
588 1051 889 1119 negleximus
908 1083 922 1105 ‚
951 1055 1210 1110 propterea
1241 1032 1381 1102 quod

103 1152 196 1186 nec
228 1131 346 1181 tanti
371 1126 464 1177 effe
499 1123 651 1174 visum
679 1117 745 1168 est
768 1154 782 1176 ,
813 1116 863 1163 ὃ(
895 1129 968 1161 res
998 1109 1243 1158 facillima.

174 1200 271 1250 Sed
303 1213 467 1264 operae
503 1193 711 1258 pretium
736 1182 801 1234 est
822 1179 952 1230 nosse
978 1193 1120 1244 quam
1139 1175 1380 1222 rationem

104 1271 341 1320 haberent
375 1264 435 1312 ad
474 1260 653 1327 pedem
691 1268 863 1305 ceterae
903 1249 1212 1312 antiquorum
1243 1254 1383 1288 men·

108 1339 242 1389 surae.
1062 1342 1066 1348 .
1550 1345 1559 1354 ⁷

180 1404 270 1453 Pes
297 1401 547 1450 Romanus
582 1391 811 1442 dividitur
837 1389 884 1434 in
920 1395 1123 1450 quatuor
1151 1377 1340 1444 palmos
1363 1410 1432 1453 ‚R
1457 1347 1578 1431 ⁴⁰⁶4?

113 1471 372 1524 duodecim
401 1466 600 1533 pollices
621 1499 633 1521 ,
664 1460 839 1524 digitos
869 1452 1094 1502 sedecim.
1395 1422 1567 1529 pgsffg'f

184 1538 421 1593 Cubitus,
460 1535 508 1580 in
555 1531 670 1579 duas
710 1524 965 1591 spithamas
989 1557 1002 1579 ,
1032 1517 1110 1565 sex
1149 1512 1340 1576 palmos
1368 1545 1382 1568 ,
1435 1532 1594 1574 cabil„

114 1608 288 1659 decem
318 1605 369 1654 &
393 1601 504 1650 οὲὶο
535 1597 763 1666 pollices,
788 1603 992 1658 quatuor
1025 1586 1077 1633 &
1108 1580 1279 1648 viginti
1308 1579 1384 1626 di·
1399 1610 1476 1651 W
1510 1591 1598 1645 sgs-

118 1679 260 1745 gitos.
292 1671 460 1737 Itaque
495 1668 681 1716 cubitus
708 1678 793 1726 par
822 1672 921 1707 erat
940 1651 1225 1719 sesquipedi.
1404 1639 1575 1713 quipedi.

192 1743 419 1808 Iugerum
460 1735 585 1784 aelus
620 1733 740 1779 duos
777 1725 1033 1793 quadratos
1074 1714 1600 1775 continebatffugmzn.

122 1825 327 1878 quorum
361 1804 558 1872 quilibet
587 1812 779 1849 centum
812 1795 862 1844 &
893 1790 1064 1858 viginti
1095 1786 1244 1852 pedes
1266 1799 1392 1848 qua-

125 1873 410 1945 quaversum
452 1869 677 1920 habebat.
719 1863 886 1929 Itaque
938 1858 1156 1924 jugerum
1201 1849 1398 1918 patebat

128 1947 363 1995 ducentos
382 1938 696 2006 quadraginta
727 1934 776 1980 in
801 1933 998 1996 longum
1027 1922 1208 1991 pedes,
1247 1921 1297 1967 in
1325 1916 1399 1964 la-

130 2028 234 2064 tum
263 2023 455 2059 centum
495 2006 547 2055 &
574 2002 762 2070 viginti.

199 2078 412 2129 Stadium
432 2112 450 2135 ‚
480 2070 696 2121 mensura
724 2065 895 2116 Graeca
915 2101 928 2123 ,
964 2072 1063 2110 erat
1096 2069 1293 2106 centum
1325 2052 1398 2100 vi·
1414 2039 1614 2083 Stadium„

133 2148 252 2215 ginti
277 2146 489 2212 quinque
515 2138 724 2206 passuum
745 2173 759 2196 ,
794 2147 997 2200 quo-rum
1030 2125 1229 2195 quilibet
1254 2123 1403 2188 quin·-
1540 2159 1546 2166 .

138 2231 229 2282 que
262 2211 464 2277 pedibus
501 2207 795 2256 censebatur.
1422 2225 1452 2265 l'
1479 2158 1591 2201 le-

271 2281 414 2328 illiare
439 2276 715 2324 Romanum
749 2287 832 2335 par
865 2281 966 2316 erat
996 2262 1104 2312 06³0
1136 2258 1317 2308 stadii-s..
1441 2238 1606 2340 zargwc

209 2348 335 2396 Hinc
361 2345 501 2394 facile
528 2341 592 2392 est
618 2339 759 2389 stadia
779 2338 832 2385 &
850 2334 1063 2384 milliaria
1086 2329 1145 2377 ad
1168 2313 1551 2397 leucarumstadibssl
1581 2342 1622 2381 5,

144 2415 408 2466 nostrarum
431 2410 758 2460 communium
787 2404 1025 2453 rationem
1050 2399 1260 2463 exigere.
1288 2392 1413 2440 Leu-
1429 2406 1625 2448 milliaria

150 2501 242 2561 ca?
279 2481 440 2548 quales
462 2479 630 2546 viginti
662 2477 870 2541 quin-{ue
904 2467 1101 2538 gradum
1125 2478 1273 2512 unum
1309 2474 1413 2507 me·
1432 2470 1472 2510 ia
1513 2468 1631 2507 leuca

150 2550 319 2601 ndiani
370 2547 598 2598 terrestris
646 2543 842 2610 explent
877 2577 895 2601 ,
945 2536 1092 2587 habet
1140 2526 1415 2596 hexapedas
1433 2530 1623 2585 nostrate,

1046 2601 1153 2654 Bv
