1704 3073
295 118 407 190 326
592 117 1282 175 T1T1L1vl1

83 196 416 268 U.c.306.haud
445 198 700 263 populares
734 197 894 247 nastus
916 237 930 258 ‚
961 202 1008 246 in
1046 201 1333 247 concionem
1368 213 1477 246 cum
1506 196 1587 244 iis·

85 271 270 324 a.C.446
291 263 532 330 proceffit.
564 265 663 314 Ubi
698 285 844 332 quum
879 265 1092 315 consules
1124 265 1343 331 produfili
1374 266 1432 313 ad
1469 281 1564 329 po-

287 333 455 398 pulum
477 369 490 392 ‚
519 335 896 400 interrogatique
921 371 936 393 ‚
969 332 1002 380 fi
1036 350 1121 381 eos
1143 335 1349 399 populus
1386 333 1568 380 Roma-

288 417 405 460 nuS‚
434 417 623 449 memor
658 402 889 450 libertatis
921 418 1006 465 per
1026 401 1132 449 illos
1169 416 1375 467 receptae
1402 400 1565 457 domi,

282 484 475 517 memor
522 469 700 517 militiae
747 485 1004 534 rerumque
1069 466 1303 533 gestarum
1350 466 1568 517 consules

280 535 456 584 iterum
497 535 717 594 faceret,
757 536 987 601 quidnam
1035 535 1199 583 facturi
1231 535 1410 596 efferit,
1450 533 1567 582 nihil

281 602 530 652 sententiae
567 603 656 652 suae
699 601 952 652 mutaffent
985 620 1000 663 ξ
1035 604 1315 653 collaudatis
1354 602 1568 651 consuli-

279 670 370 719 bus
395 709 408 729 ,
442 671 572 737 quod
596 670 959 736 perseverarent
990 671 1051 718 ad
1079 671 1300 719 ultimum
1327 670 1571 719 diffimiles

284 736 700 787 Decemvirorum
729 737 821 788 effe
842 776 855 799 ‚
888 739 1083 787 comitia
1113 739 1278 788 habuit
1313 754 1328 799 3
1363 738 1415 787 &
1434 738 1572 802 quin-

283 823 378 872 que
416 806 614 855 tribunis
650 806 804 871 plebis
845 808 1047 865 creatis,
1084 822 1233 871 quum
1272 824 1369 872 prae
1409 803 1572 852 studiis

283 875 452 938 aperte
488 877 756 939 petentium
785 890 970 924 novem
1004 874 1307 923 tribunorum
1342 874 1419 921 alii
1451 888 1572 920 can-

284 941 435 989 didati
468 941 497 989 6
532 941 678 989 tribus
700 957 800 991 non
826 941 1079 1008 explerent
1101 978 1115 1001 ,
1150 942 1408 990 concilium
1430 940 1575 988 dimi-

283 1007 377 1069 fit,
409 1025 499 1056 nec
538 1008 713 1058 deinde
752 1010 1063 1058 comitiorum
1095 1009 1235 1057 caus&
1270 1008 1450 1057 habuit.
1486 1005 1574 1055 Sa-

285 1075 522 1126 tisfafitum
554 1077 646 1144 legi
686 1073 874 1136 aiebat,
920 1095 1060 1143 quae,
1105 1093 1309 1126 numero
1341 1074 1576 1142 nusquam

283 1142 523 1211 praefinito
553 1146 752 1194 tribunis
780 1183 794 1205 ‚
825 1146 978 1194 modo
1000 1160 1050 1193 ut
1069 1145 1450 1212 relinquerentur
1472 1142 1575 1191 san-

285 1214 406 1261 ciret
436 1230 452 1272 ;
485 1213 534 1261 &
567 1213 625 1262 ab
659 1213 714 1262 iis
736 1215 817 1279 qui
850 1213 997 1263 creati
1027 1210 1210 1272 essent,
1230 1213 1447 1279 cooptari
1470 1210 1575 1260 col·-

284 1279 419 1346 legas
453 1278 675 1345 juberet3
708 1281 1036 1346 recitabatque
1058 1282 1325 1347 rogationis
1348 1295 1574 1340 carmen,

287 1349 337 1396 in
358 1366 454 1414 quo
482 1386 496 1408 ‚
528 1351 582 1397 Si
606 1349 807 1398 tribunos
828 1349 978 1415 plebei
1008 1351 1153 1397 decem
1176 1349 1335 1416 rogabo
1354 1386 1372 1407 ,
1393 1347 1442 1411 fi
1459 1365 1576 1412 quos

287 1417 443 1467 minias
474 1418 607 1465 lzodie
641 1419 785 1467 decem
815 1418 1015 1466 tribunos
1037 1417 1186 1484 plebei
1217 1433 1247 1477 7
1261 1414 1450 1482 fecerint
1474 1434 1495 1474 ‚·
1521 1416 1572 1464 lzi

289 1499 384 1534 tum
418 1487 486 1534 uti
530 1503 642 1550 quos
672 1487 762 1549 fibi
801 1486 997 1552 collegas
1046 1485 1311 1550 cooptaffint
1339 1522 1357 1542 ‚
1404 1498 1454 1531 ut
1494 1481 1572 1532 illi

291 1555 481 1621 legitimi
509 1555 658 1601 eadem
676 1555 767 1620 lege
797 1555 962 1604 tribuni
974 1552 1124 1620 plebei
1142 1553 1238 1618 fint
1254 1590 1272 1611 ,
1296 1566 1346 1601 ut
1367 1551 1442 1599 illi
1460 1569 1574 1616 quos

291 1623 424 1670 hodie
459 1622 659 1669 tribunos
686 1623 834 1687 plebei
861 1619 1308 1687 feceritis-rDuilius
1343 1637 1490 1685 quum
1511 1617 1573 1667 ad

291 1690 515 1739 ultimum
551 1688 887 1754 perseverasset
904 1727 917 1747 ,
945 1689 1168 1755 negando
1191 1687 1468 1754 quindecim
1489 1689 1576 1734 tri-

291 1756 451 1805 bunos
488 1757 649 1822 plebei
673 1757 1021 1822 rempublicam
1052 1755 1230 1805 habere
1262 1753 1395 1821 posse
1414 1792 1429 1815 ‚
1450 1753 1576 1804 νίἑὶὲι

293 1825 592 1890 collegarum
625 1825 887 1891 cupiditate
913 1862 928 1885 ‚
959 1825 1134 1890 pariter
1173 1822 1389 1872 Patribus
1418 1821 1577 1889 plebi-

295 1910 389 1960 que
422 1906 680 1957 acceptus‚
711 1890 980 1958 magistratu
1022 1893 1156 1939 abiit.

362 1958 520 2008 LXV.
570 1959 702 2009 Novi
744 1960 919 2008 tribuni
972 1960 1125 2025 plebis
1185 1960 1233 2007 in
1288 1957 1577 2024 cooptandis

295 2027 496 2094 collegis
545 2027 737 2075 Patrum
785 2028 1090 2077 voluntatem
1132 2025 1362 2074 foverunt
1397 2043 1409 2085 3
1451 2026 1578 2074 duos

297 2096 445 2145 etiam
475 2097 709 2162 patricios.
731 2094 759 2144 8
792 2094 1156 2162 consularesque
1175 2132 1191 2153 ,
1206 2093 1288 2160 Sp.
1310 2092 1576 2160 Tarpeium

297 2218 498 2271 Auflores
553 2221 768 2273 populares
815 2220 904 2260 sunt
1027 2233 1054 2271 7
1103 2217 1335 2271 Fecerint]
1396 2217 1575 2259 Videtur

298 2282 483 2322 consules
504 2309 515 2328 ‚
555 2282 619 2334 qui
664 2293 746 2320 tum
792 2296 904 2323 acce·
968 2280 1153 2333 scriptum
1191 2279 1299 2319 suifl'e
1320 2275 1527 2330 ‚feceritis
1555 2293 1573 2326 3

299 2341 454 2397 ptiffimi
478 2353 590 2381 erant
611 2344 782 2395 populo.
969 2341 1302 2393 quemadmodum
1346 2340 1447 2379 infra
1482 2353 1493 2379 ε
1532 2351 1575 2379 ut
1614 2361 1627 2386 *x

362 2405 387 2444 6
410 2403 548 2444 Trzhus
568 2417 643 2442 non
666 2404 868 2456 explerent
886 2403 902 2455 ]
970 2403 1035 2441 illi
1054 2417 1146 2454 quos
1162 2402 1275 2441 hodie
1291 2400 1467 2441 tribunos
1485 2400 1578 2457 pla-

301 2465 398 2506 Non
437 2464 590 2517 possent
621 2464 838 2518 legitimum
866 2464 907 2503 ὃ(
972 2463 1031 2503 bei
1051 2462 1246 2516 feceritis.

303 2526 559 2566 necessarium
637 2524 907 2579 suffragiorum
1037 2525 1059 2563 8
1086 2521 1348 2580 Consulares]
1371 2522 1468 2570 Vid.
1490 2523 1578 2580 sup.

304 2601 512 2627 numerum
541 2586 646 2625 ferre
662 2613 672 2633 ,
691 2585 769 2625 sive
789 2600 806 2623 a
831 2600 907 2626 ma·
971 2599 1012 2627 c.
1049 2597 1121 2640 31·

302 2648 394 2703 jore
414 2649 585 2706 tribuum
603 2658 715 2702 parte
735 2648 878 2690 creari.
