1643 3078
392 123 759 184 LIBER
854 134 1009 192 ΙΙΙ.
1219 160 1334 219 319

15 201 19 205 '
60 194 176 258 gido
205 201 440 249 exercitus
462 203 730 270 AEquorum
753 207 1138 281 Volscorumque
1176 235 1198 284 5
1233 222 1331 270 sus·
1346 239 1534 292 [χωρῶ

60 264 198 310 tinuit
231 266 427 317 consilio
459 270 656 321 bellurn.
698 274 852 340 Quod
879 277 912 326 fi
949 287 1195 349 extemplo
1225 306 1358 338 rem*-
1382 296 1529 344 0446-

54 324 260 379 fortunae
290 336 589 388 commisisset
608 378 622 400 ,
656 341 951 394 6haud‘scio
973 366 1032 396 an
1066 349 1187 417 (qui
1223 370 1323 405 tum
1369 351 1528 391 Bellum

13 427 15 430 ι
56 397 236 458 animi,
256 400 314 447 ab
339 401 750 458 Decemvirorum
779 413 1045 464 infelicibus
1075 419 1288 484 auspiciis
1309 426 1417 483 ,σω-72
1450 413 1528 481 ff·

53 458 288 514 Romanis
317 468 615 539 hostibusque
647 478 823 546 erant)
855 499 1030 548 magno
1064 477 1497 572 detrimemssqfv

54 541 108 576 to
133 547 374 584 certamen
409 536 634 590 staturum
666 544 826 595 fuerit.
860 546 1034 599 Castris
1072 554 1199 602 mille
1221 557 1326 620 pas,
1381 542 1516 587 ojczs.

52 594 189 646 suum
222 602 282 649 ab
317 603 451 654 hoste
476 609 637 673 positis
658 650 671 671 ,
704 615 869 678 copias
898 620 1208 681 continebat3
1232 626 1326 672 ho-

51 661 145 713 stes
173 668 386 719 medium
418 675 543 723 inter
570 678 679 727 bina
710 681 856 731 castra
894 684 1093 749 spatium
1128 691 1228 738 acie
1250 693 1330 740 in-

54 729 222 782 struck&
250 741 588 804 complebant:
614 753 1085 820 provocantibusque
1116 758 1176 805 ad
1201 777 1329 824 prae-

52 798 196 861 lium,
217 804 493 869 responsum
516 811 760 864 Romanus
775 835 921 866 nemo
939 823 1170 873 reddebat
1192 843 1204 884 3
1225 842 1329 876 tan-

53 865 165 915 dem
202 868 380 939 fatigati
425 875 590 926 stando
630 919 644 940 ‚
687 901 740 930 ac
789 890 1106 955 nequicquam
1150 894 1325 960 exspe-

50 933 224 985 &ando
265 957 507 993 certamen
544 948 686 1012 AEqui
723 950 983 1020 Volscique
1017 994 1031 1014 ‚
1073 959 1323 1027 postquam

49 1004 326 1055 concessum
350 1016 708 1076 propemodum
739 1019 796 1068 de
816 1020 1011 1071 viffloria
1031 1028 1289 1078 credebant
1306 1068 1321 1092 ,

50 1085 159 1134 pars
193 1075 240 1121 in
284 1075 554 1140 Hernicos,
595 1101 699 1149 pars
733 1090 778 1134 in
813 1086 1008 1139 Latinos
1054 1097 1321 1157 praedatum

49 1137 230 1189 abeunt
262 1157 276 1199 3
316 1145 592 1212 relinquitur
629 1155 778 1219 magis
818 1159 973 1205 castris
1013 1162 1279 1223 praefidium
1304 1204 1319 1227 ‚

48 1204 194 1268 quam
219 1207 322 1257 satis
351 1214 520 1263 virium
553 1217 612 1265 ad
646 1237 905 1271 certamen.
938 1223 1095 1290 Quod
1117 1232 1321 1281 ubisen-

50 1270 107 1320 fit
136 1276 327 1336 consul,
359 1282 515 1331 reddit
543 1285 723 1335 illatum
762 1305 899 1338 antea
934 1308 1170 1345 terrorem
1207 1318 1216 1344 τ
1250 1303 1321 1349 in·

43 1337 308 1407 struffaque
338 1349 439 1396 acie
475 1351 598 1400 ultro
629 1353 810 1405 hostem
848 1359 1039 1411 lacessit.
1077 1364 1177 1413 Ubi
1215 1368 1319 1427 illi,

45 1406 334 1460 conscientia
373 1417 485 1482 quid
519 1420 695 1470 abeffet
738 1427 910 1475 virium
939 1466 952 1489 ‚
991 1431 1319 1486 dene-&avere

46 1491 259 1541 pugnam
296 1496 311 1538 ;
352 1487 500 1535 crevit
542 1491 790 1557 extemplo
823 1492 1058 1546 Romanis
1100 1505 1320 1564 animm,

8 1589 12 1594 ,
45 1541 99 1589 8(
133 1560 222 1608 pro
260 1548 392 1598 viciis
426 1552 666 1606 habebant
703 1578 933 1624 paventes
967 1566 1088 1615 intra
1124 1571 1320 1622 vallum.

46 1608 218 1674 Quum
244 1625 330 1679 pe‘r
358 1632 513 1670 totum
548 1623 674 1674 diem
693 1626 913 1680 stetissent
935 1634 1180 1685 intentiad
1211 1657 1322 1688 cer-

47 1689 242 1742 tamen,
266 1684 393 1734 nocii
418 1688 610 1741 cessere.
645 1693 703 1742 Et
737 1695 947 1747 Romani
970 1704 1164 1766 quidem
1191 1707 1322 1771 pleni

44 1742 145 1809 spei
173 1765 378 1816 corpora
412 1759 654 1810 curabant.
688 1763 1076 1834 Haudquaquam
1107 1777 1205 1838 pari
1229 1776 1320 1824 ho·

3 1860 6 1862 ,
45 1810 138 1862 stes
177 1818 339 1869 animo
365 1859 379 1882 ‚
416 1828 609 1876 nuntios
648 1830 810 1894 paffim
849 1837 1023 1902 trepidi
1063 1841 1121 1887 ad
1169 1859 1321 1893 revo-

47 1882 230 1931 candos
280 1890 573 1952 praedatores
629 1897 869 1950 dimittunt
910 1921 925 1962 3
964 1910 1214 1958 recurritur
1261 1929 1320 1960 ex

45 1952 277 2012 proximis
315 1957 434 2005 locis
472 1978 501 2024 3⁷
528 1963 778 2016 ulteriores
823 1987 921 2018 non
970 1974 1170 2037 inventi.
1218 1976 1319 2028 Ubi

44 2015 197 2066 illuxit
217 2057 231 2079 ,
261 2025 504 2088 egreditur
532 2030 687 2081 castris
720 2032 1211 2166 Romanwallum
1246 2048 1320 2096 in—

43 2084 268 2149 vasuru3‚
304 2093 352 2139 ni
388 2099 528 2160 copia
561 2118 732 2167 pugnae
757 2101 894 2154 fieret
922 2144 933 2155 .
999 2111 1317 2178 „postquam

44 2150 194 2201 multa
236 2158 335 2218 jam
372 2159 470 2210 dies
502 2180 634 2226 erat,
664 2186 822 2237 neque
855 2175 1139 2226 movebatur
1174 2184 1317 2246 quic-

43 2235 188 2284 quam
210 2224 269 2271 ab
303 2226 437 2276 hoste
457 2268 469 2287 ‚
495 2230 630 2293 jubet
649 2234 776 2303 signa
799 2240 958 2290 inferri
988 2246 1150 2295 consul
1172 2267 1180 2296 ι
1202 2266 1316 2299 mo-

43 2286 189 2352 taque
218 2293 352 2352 acie,
384 2296 648 2365 indignatio
680 2305 865 2372 AEquos
899 2311 950 2358 ὅ(
982 2310 1188 2363 Volscos
1232 2320 1314 2366 in-

2 2401 5 2403 .
41 2353 205 2420 cellit,
229 2357 263 2406 fi
289 2361 496 2414 vifiores
524 2374 755 2420 exercitus
774 2377 948 2425 vallum
976 2383 1137 2444 potius
1167 2385 1310 2447 quam

41 2422 191 2473 virtus
222 2425 274 2474 δε
302 2446 433 2480 arma
461 2448 682 2502 tegerent
714 2457 729 2501 3
760 2444 900 2509 igitur
928 2447 978 2495 ὃ(
1008 2449 1094 2514 ipsi
1126 2450 1314 2519 efflagi-

65 2518 72 2525 '
110 2529 128 2568 5
169 2518 429 2570 Sustinuit....
465 2527 642 2587 bellum]
769 2536 793 2576 6
808 2536 1022 2594 Haudscio
1040 2544 1119 2597 an]
1142 2545 1309 2600 Supple,

3 2576 9 2582 ’
42 2576 349 2636 Traxitgnecse
364 2587 644 2650 statimpugnae
706 2611 800 2637 non.
839 2599 936 2642 Haec
973 2604 1161 2657 loquendi
1186 2608 1315 2654 forma

43 2642 249 2690 commisit.
706 2658 812 2700 idem
841 2663 975 2717 valet,
1009 2678 1054 2708 ac
1079 2665 1266 2724 fhrtaffe.
