1653 3078
432 147 477 201 L
526 161 546 199 1
591 161 622 200 Β
671 160 705 200 E
748 161 788 201 a
884 147 924 200 Ι.
1225 162 1304 218 47

38 224 77 274 is
109 224 243 275 alteri
276 225 461 291 populo
495 243 604 273 cum
655 225 784 273 bona
830 239 949 289 pace
992 222 1306 285 imperitaret.

35 292 241 342 Foedera
275 295 365 342 alia
394 294 492 340 aliis
523 293 707 358 legibus
724 330 738 351 ‚
763 306 977 339 ceterum
995 289 1175 337 eodem
1198 307 1305 339 mo-
1345 299 1517 342 Foederis

38 360 104 409 do
138 362 302 409 omnia
346 359 484 408 fiunt.
518 359 649 408 Tum
680 362 746 408 ita
777 358 949 407 factum
985 358 1255 419 accepimus
1290 361 1489 416 ‚feriendi

35 442 125 477 nec
155 429 294 477 ullius
315 427 544 477 vetustior
575 427 769 477 foederis
789 426 1024 475 memoria
1047 422 1128 472 est.
1156 442 1189 484 4
1209 423 1305 472 Fe·
1320 424 1435 467 ritus.

35 495 162 543 cialis
196 513 360 563 regem
391 494 586 544 Tullum
619 497 683 544 ita
720 497 943 560 rogavit:
977 489 1165 554 ,Iubesne
1201 510 1305 548 me,

34 580 110 610 rex
128 600 147 621 ‚
177 581 275 610 cum
295 578 425 629 patre
449 578 632 629 patrato
662 563 829 628 populi
864 561 1043 609 Albani
1057 558 1211 624 foedus
1227 556 1309 623 ft'

35 631 114 678 rire
148 632 175 678 Ρ
210 630 420 679 Jubente
464 647 606 697 rege,
643 647 662 693 5
702 631 921 695 Sagmina
945 666 962 686 ,
1010 628 1196 692 inquit,
1231 641 1299 686 te,

34 697 302 763 rex,p0fi0.
326 699 433 747 Rex
463 701 524 746 ait
549 735 562 756 ,
586 697 616 746 6
639 698 807 744 Puram
834 696 998 743 tollito.
1019 694 1219 743 Fecialis
1243 709 1305 743 ex

35 780 141 813 arce
162 768 386 831 graminis
409 767 606 814 herbam
629 781 796 830 puram
817 763 970 810 attulit
992 779 1005 821 3
1030 760 1194 827 postea
1219 778 1304 810 re-

36 847 147 899 gem
167 836 228 881 ita
250 834 439 900 rogavit
458 852 468 881 :
487 837 621 890 Rex,
632 829 811 896 flzczssze
838 850 901 878 me
922 845 970 877 tu
1002 833 1164 895 regium
1188 848 1306 877 nun-

33 901 145 947 tium
169 903 337 966 populi
369 903 567 949 Romani
606 901 854 962 Quiritium
876 901 948 959 ‚97
967 897 1079 960 vasc'z
1108 894 1309 959 comitefi

34 985 117 1032 que
145 986 263 1015 meos
288 971 315 1017 ,Ρ
345 967 452 1016 Rex
480 967 722 1032 respondit
758 983 766 1012 :
800 965 827 1014 8
855 967 995 1029 Quod
1018 966 1115 1028 fine
1138 963 1315 1030 fraude·

32 1052 130 1082 mea
140 1036 392 1101 populique
413 1037 611 1084 Romani
633 1035 879 1097 Quiritium
890 1034 981 1097 fiat
996 1070 1014 1090 ,
1036 1031 1190 1097 fixio,
1205 1031 1304 1080 Fe-

32 1101 160 1149 cialis
188 1116 289 1151 erat
329 1102 404 1152 M.
436 1102 660 1150 Valerius
685 1118 698 1160 ;
723 1116 910 1166 patrem
946 1114 1182 1165 patratum
1222 1098 1314 1165 Sp.

32 1168 223 1218 Fufium
250 1169 398 1231 fecit,
430 1169 643 1220 verbena
680 1183 824 1234 caput
859 1167 1150 1234 capillosque
1194 1181 1307 1216 tan-

34 1253 170 1303 gens.
192 1254 221 1303 9
239 1237 379 1287 Pater
402 1251 612 1304 patratus
640 1236 701 1284 ad
738 1234 1068 1301 jusjurandum
1104 1249 1319 1301 patran-

35 1305 182 1365 dum,
213 1306 262 1354 id
284 1305 352 1355 est
375 1342 392 1365 ‚
424 1304 732 1355 sanciendum
760 1303 815 1354 fit
854 1304 1044 1353 foedus:
1078 1319 1097 1349 1
1131 1303 1308 1353 multis-

95 1405 125 1442 4
143 1383 346 1445 Fecfalis]
378 1393 558 1434 Feciales
585 1393 637 1433 sa-

36 1454 223 1495 cerdooes
249 1455 363 1494 fuere
383 1469 404 1494 a
426 1456 556 1495 Numa
578 1455 640 1494 in·

35 1515 190 1562 stituti‚
232 1529 401 1568 quorum
438 1517 542 1557 scitis
575 1516 639 1569 jus

39 1590 157 1616 omne
186 1577 278 1616 belli
295 1576 478 1632 pacisque
505 1577 640 1631 subje-

38 1637 140 1678 &um
173 1649 274 1677 erat.
307 1638 402 1691 Quo
423 1639 503 1679 ritu
535 1640 639 1679 indi·

38 1709 179 1740 cerent
203 1700 307 1740 bella
335 1731 348 1751 ,
383 1700 463 1741 vid.
502 1701 602 1742 infra
624 1733 636 1752 ,

39 1773 78 1801 c.
99 1770 169 1812 32.

103 1834 123 1870 5
152 1820 371 1876 Sagmina]
403 1819 588 1878 Sag'mina
625 1849 638 1871 ,

36 1881 163 1936 inquit
175 1883 203 1922 F
209 1883 309 1923 estus
322 1911 334 1929 ,
350 1897 541 1923 vocantur
556 1899 637 1923 ver·

36 1942 141 1983 benae
163 1971 176 1989 ,
207 1944 279 1983 hoc
312 1944 364 1995 est
383 1974 395 1990 ,
426 1945 545 1985 herbae
561 1961 637 2001 pu·

37 2017 88 2058 ηε
105 2032 117 2052 ,
163 2004 252 2060 quia
285 2020 334 2044 ex
374 2006 463 2046 loco
502 2005 637 2060 sanffo

36 2065 285 2106 secabantur.
326 2067 387 2107 Ex
417 2081 507 2108 arce
545 2082 639 2108 ver-

4 2122 7 2125 ’
36 2127 152 2167 benae
205 2127 458 2169 sumebantur
501 2129 640 2170 dandae

37 2187 244 2228 fecialibus
263 2220 274 2240 ,
292 2189 391 2230 teste
407 2189 526 2230 Livio
543 2219 555 2238 ‚
579 2190 640 2230 in-

37 2248 98 2289 fra
123 2249 269 2296 XXX,
298 2261 372 2302 43.

99 2310 126 2350 6
156 2309 330 2365 Puram]
360 2312 512 2367 Supple
544 2313 640 2354 her·

38 2370 143 2411 bam.

101 2446 126 2483 7
159 2428 293 2487 Vasa]
327 2433 639 2488 Supelleffilem.

38 2492 145 2534 Vasa
167 2505 301 2534 autem
323 2495 363 2536 &
393 2499 562 2538 comites
579 2499 642 2538 fe·

42 2554 151 2594 eialis
176 2569 258 2596 non
279 2557 417 2610 utique
441 2571 554 2598 erant
582 2574 642 2600 re-

42 2615 96 2669 gii
115 2616 244 2657 nuntii
262 2631 275 2663 ;
300 2618 488 2660 sedimus
508 2632 642 2661 tamen

42 2678 217 2721 muneris
236 2679 483 2724 sanititatem
504 2695 551 2724 ac
578 2682 642 2724 di-

702 1391 894 1447 gnitatem
914 1423 927 1442 ‚
946 1391 1014 1430 suo
1035 1404 1201 1444 quaeque
1221 1403 1308 1428 rn0‹

703 1454 754 1493 do
784 1454 825 1494 ὅ(
858 1453 1014 1493 ratione
1042 1479 1054 1500 ,
1087 1451 1308 1506 participa-

701 1517 812 1555 bant.

764 1576 787 1616 8
799 1573 1152 1634 Quodfinefraude
1167 1588 1308 1615 mea...

690 1637 815 1693 fiae]
862 1638 923 1677 Ita
953 1647 997 1677 ut
1032 1637 1072 1675 id
1117 1634 1185 1676 fiat
1224 1635 1307 1676 fine

702 1700 848 1739 damno
879 1712 970 1738 meo
1001 1712 1013 1744 3
1045 1697 1098 1736 ita
1134 1707 1177 1737 ut
1210 1696 1311 1737 nihit

701 1761 793 1800 inde
822 1761 862 1800 in
894 1774 956 1799 me
988 1759 1118 1798 damni
1151 1769 1219 1798 aut
1247 1759 1313 1798 in·

703 1821 904 1862 commodi
941 1821 1160 1860 derivetur.
1197 1818 1312 1859 Cau·

701 1883 759 1924 tio
792 1882 931 1923 nstrata
952 1884 991 1922 in
1009 1881 1204 1936 ejusmodi
1223 1881 1309 1922 for-

701 1945 833 1986 mulis.

765 2018 790 2058 9
813 2005 937 2046 Pater
951 2017 1129 2060 patratus
1146 2003 1164 2056 J
1189 2002 1315 2044 Pater

702 2077 880 2122 patratus
904 2066 948 2106 fit
970 2067 1017 2105 ad
1033 2065 1316 2119 jusjurandum·

702 2129 937 2184 patrandum
955 2159 966 2177 ‚
991 2139 1113 2181 atque
1139 2127 1231 2167 inde
1253 2127 1314 2166 illi.

703 2204 850 2230 nomen
886 2189 940 2229 est
985 2203 994 2229 :
1032 2187 1314 2242 jusjurandum

702 2264 835 2292 autem
860 2262 1016 2304 patrare
1037 2250 1102 2290 hic
1122 2251 1227 2290 idem
1254 2249 1314 2289 est,

703 2328 749 2353 ac
781 2313 912 2353 foedus
943 2313 1108 2352 sancire.

771 2368 792 2414 1*
821 2373 1040 2427 Multisque
1070 2373 1112 2412 id
1143 2372 1268 2412 verbis
1286 2371 1312 2423 j‘

703 2436 898 2476 Nimirum
913 2464 923 2483 ‚
942 2449 1153 2489 antequam
1178 2434 1309 2473 foede-

705 2498 757 2538 tis
784 2499 895 2552 leges
923 2498 1212 2538 recitarentur,
1236 2494 1311 2551 ali:

706 2561 814 2613 quod
852 2573 1013 2601 carmen
1047 2568 1130 2597 erat
1160 2557 1312 2594 verbo-
1362 2596 1364 2598 ,

704 2621 807 2668 fius,
842 2621 950 2674 quod
986 2630 1098 2673 parer
1130 2627 1314 2671 patratus

704 2683 967 2738 pronuntiate
999 2681 1190 2722 deberet„
1203 2677 1316 2719 must}
