1643 3078
402 109 762 171 LIBER
863 118 936 175 V.
1187 139 1290 202 511

29 196 194 250 gatum
245 201 346 237 erat
392 192 518 239 inter
560 191 715 241 Veios
749 192 1058 264 Romamque
1102 205 1498 269 nuntiosU.c.365.

29 267 308 303 commeare
345 272 361 314 ;
409 257 462 305 ὃς
497 260 628 325 apud
656 261 909 312 Romanos
933 302 949 325 ‚
986 268 1044 315 ab
1075 270 1496 323 nofiurniassss‘ssw

27 321 229 384 periculi
263 329 518 375 memoria.
1567 375 1569 378 ·

95 385 327 437 XLVIII.
356 390 453 441 Sed
485 407 596 444 ante
616 398 779 447 omnia
798 397 1058 451 obsidionis
1083 403 1295 471 bellique
1359 417 1498 461 Fames

27 453 154 502 mala
180 492 195 514 ‚
245 455 399 508 fames
441 476 694 531 utrumque
735 469 996 518 exercitum
1030 473 1243 537 turgebat
1277 479 1486 536 36·pesti-

28 517 203 570 Gallos
240 526 506 590 pestilentia
546 534 728 595 etiam,
770 554 916 602 quum
954 539 1069 587 loco
1101 539 1295 603 jacente
1310 543 1452 586 lancta.

23 587 151 641 inter
177 595 389 643 tumulos
425 595 571 646 castra
602 601 835 653 habentes
861 642 875 664 ,
904 621 1004 655 tum
1039 607 1098 655 ab
1119 610 1297 658 incen-

27 655 117 705 diis
138 661 323 710 torrido
344 663 394 712 &
411 667 603 730 vaporis
626 670 772 734 pleno
788 709 801 732 ,
829 674 1135 740 cineremque
1157 713 1173 737 ‚
1199 694 1300 728 non

24 724 279 788 pulverem
308 732 458 780 modo
477 732 662 785 ferente
682 774 695 795 ‚
719 756 866 804 quum
891 742 1006 807 quid
1031 745 1169 792 venti
1193 762 1303 794 mo·

25 804 129 840 tum
166 793 318 857 esset3
355 817 562 874 quorun}
584 804 994 858 intolerantissima
1026 827 1177 877 gens,
1210 813 1301 862 hu·

26 862 249 928 morique
281 882 335 913 ac
373 866 539 935 frigori
574 870 748 923 assueta
769 913 783 934 ‚
814 893 962 942 quum
994 879 1106 928 aestu
1143 880 1194 929 &
1218 898 1308 936 anf

30 944 148 995 gore
176 935 373 995 vexati,
415 937 616 1006 vulgatis
646 942 780 990 velut
814 944 861 992 in
893 962 1046 1009 pecua
1079 948 1304 1012 morbis,·

27 1011 370 1061 morerentur3
415 1001 511 1068 jam
539 1010 727 1076 pigritia
756 1010 964 1078 singulos
996 1012 1304 1079 sepeliendi,

26 1066 293 1129 promiscue
336 1087 587 1124 acervatos
629 1080 845 1128 cumulos
889 1080 1142 1131 hominurn
1187 1101 1302 1135 ure·

24 1131 143 1180 bant
173 1171 191 1192 ‚
238 1136 583 1208 bustorumque
616 1145 727 1195 inde
762 1145 1066 1198 Gallicorum
1102 1154 1305 1205 nomine

25 1199 263 1266 insignem
299 1205 463 1256 locum
503 1209 678 1263 fecere.
723 1212 932 1265 Induciae
969 1217 1149 1269 deinde
1191 1238 1305 1272 cum

25 1263 261 1318 Romanis
281 1270 413 1322 facffiae
435 1314 449 1334 ‚
482 1277 535 1326 Sc
566 1280 809 1349 colloquia
843 1284 1068 1348 permissu
1097 1289 1305 1354 impera-

24 1346 188 1385 torum
210 1337 370 1389 habita
396 1360 408 1390 t
438 1345 486 1391 in
510 1347 681 1412 quibus
705 1368 853 1415 quum
875 1350 1146 1404 identidem
1170 1354 1305 1409 Galli

25 1400 210 1454 famem
244 1405 513 1471 objicerent
537 1451 552 1473 ,
582 1415 736 1484 efique
768 1418 1046 1471 neceffitate
1076 1423 1136 1471 ad
1169 1424 1306 1475 dedi-

25 1471 217 1521 tionem
238 1493 473 1528 vocarent
497 1497 513 1540 3
544 1481 742 1547 dicitur,
776 1489 1052 1538 avertendae
1072 1490 1176 1551 ejus
1197 1496 1308 1560 opi·

27 1540 187 1589 nionis
220 1545 401 1604 cause,
441 1549 600 1599 multis
637 1553 754 1603 locis
790 1558 924 1621 panis
958 1558 1018 1607 de
1052 1557 1305 1626 Capitolio

27 1602 227 1672 jaeiatus
262 1610 353 1661 esse
378 1614 426 1661 in
458 1616 664 1669 hostium
685 1620 933 1673 stationes.
964 1625 1060 1675 Sed
1093 1625 1192 1691 jam
1216 1648 1308 1681 ne-

30 1691 126 1741 que
157 1675 431 1730 dissimulari
456 1721 470 1743 ‚
510 1702 667 1753 neque
697 1688 808 1739 ferri
837 1692 958 1742 ultrix
989 1692 1141 1745 fames
1164 1713 1311 1763 pote·

29 1757 121 1792 rat.
148 1742 315 1812 Itaque
341 1749 453 1797 dum
474 1750 674 1805 dieiator
692 1758 932 1808 deleeum
953 1779 1039 1826 per
1060 1762 1106 1812 se
1126 1763 1310 1818 Ardeae

31 1809 180 1861 habet
199 1851 213 1873 ‚
245 1816 518 1882 magistrum
539 1825 755 1888 equitum
775 1825 829 1879 L.
845 1827 1098 1879 Valerium
1119 1851 1146 1880 a
1170 1832 1310 1888 Veiis

29 1879 273 1931 abducere
322 1889 586 1937 exercitum
626 1889 803 1952 jubet,
853 1912 989 1961 parat
1025 1898 1308 1968 instruitque

31 1947 203 2011 quibus
233 1950 359 1999 haud
392 1953 548 2018 impar
586 1959 828 2009 adoriatur
858 1961 1016 2016 hostes
1050 1983 1067 2025 3
1111 1969 1308 2021 interim

30 2013 340 2079 Capitolinus
406 2023 643 2074 exercitus
700 2025 979 2079 stationibus
1034 2034 1307 2104 vigiliisque

33 2080 174 2132 fessus
195 2122 210 2145 ,
235 2085 463 2151 superatis
477 2104 640 2141 tamen
657 2093 874 2144 humanis
897 2100 1121 2150 omnibus
1137 2107 1274 2156 malis
1289 2144 1308 2170 ,

33 2168 184 2217 quum
211 2151 392 2203 famem
422 2174 566 2207 unam
599 2176 764 2211 natura
793 2166 923 2214 vinci
956 2185 1056 2217 non
1093 2169 1268 2224 sineret
1289 2212 1309 2238 ,

34 2219 166 2268 diem
197 2220 258 2270 de
294 2223 373 2272 die
408 2226 710 2292 prospeRans
733 2269 748 2292 ,
778 2235 972 2300 ecquod
993 2239 1220 2289 auxilium
1245 2243 1309 2294 ab

35 2286 266 2338 dieiatore
291 2309 546 2358 appareret
565 2314 578 2355 3
600 2297 844 2361 postremo
859 2301 941 2368 spe
964 2323 1159 2372 quoque
1178 2307 1308 2374 jam,

35 2372 136 2404 non
169 2355 324 2408 solum
353 2360 461 2410 cibo
480 2401 495 2424 ‚
530 2364 784 2419 deficiente
805 2407 820 2431 ,
856 2370 908 2421 &
928 2409 943 2433 ‚
977 2388 1010 2437 7
1039 2392 1186 2441 quum
1211 2377 1309 2428 sta·

97 2472 124 2511 7
151 2460 481 2518 Quumstationes
498 2482 642 2521 proce·
706 2472 810 2514 citur
827 2476 1036 2531 eleganter
1051 2508 1066 2526 ,
1095 2484 1312 2525 continua·-

37 2521 171 2562 darem
199 2523 216 2576 ]
267 2523 403 2578 Quum
433 2527 642 2570 stationum
704 2535 770 2584 ri,
801 2541 1038 2592 computari.
1074 2542 1138 2584 Sic
1169 2545 1310 2589 dicun-

36 2580 78 2621 in
130 2585 272 2625 orbem
318 2587 497 2628 euntium
538 2592 640 2633 ordo
705 2606 770 2636 tur
796 2614 906 2650 aera,
935 2600 1136 2660 stipendia
1162 2622 1312 2664 procee-

38 2645 300 2699 procedetet.
331 2647 553 2693 Procedere
581 2654 642 2695 di·
706 2659 812 2703 dere.
