1704 3073
273 150 326 202 '2
447 186 449 191 ,
555 141 1215 201 PRAEFATIO.

289 238 311 289 5
347 223 400 272 &
430 222 645 272 immensi
676 226 866 290 operis,
896 237 949 272 ut
977 242 1081 292 quae
1109 224 1247 291 supra
1277 222 1557 292 septingen-

288 290 507 340 tefimum
537 309 714 340 annum
748 305 991 358 repetatur
1013 330 1027 353 ,
1056 293 1108 342 ὃ(
1143 309 1248 359 quae
1282 294 1341 342 ab
1376 295 1560 359 exiguis

282 357 498 426 profesta
533 361 673 407 initiis
695 397 709 417 ,
742 359 802 408 eb
835 361 1041 409 creverit
1059 375 1157 421 „ut
1183 358 1282 425 jam
1311 363 1559 427 magnitu-

288 427 399 475 dine
421 427 607 476 laboret
628 426 707 475 su&
732 444 741 473 :
773 427 824 475 &
854 427 1118 493 legentium
1141 427 1378 495 plerisque
1397 465 1412 488 ,
1431 428 1560 477 haud

287 495 457 543 dubito
475 533 489 554 ‚
514 496 627 560 quin
663 495 830 560 primae
859 497 1065 561 origines
1082 533 1096 553 ,
1117 498 1431 563 proximaque
1462 497 1562 544 ori-

285 563 471 630 ginibus
489 601 502 623 ‚
524 564 679 610 minus
695 563 948 629 praebitura
969 564 1226 631 voluptatis
1244 563 1332 613 sint
1351 602 1365 623 ‚
1386 565 1416 613 6
1436 561 1562 612 festi-

283 631 508 679 nantibus
537 630 597 679 ad
617 632 715 679 haec
734 648 894 690 nova,
917 633 1089 698 quibus
1106 630 1203 697 jam
1227 632 1420 698 pridem
1441 650 1562 698 prae-

285 699 492 747 valentis
527 699 693 763 populi
728 700 853 748 vires
893 698 938 748 se
984 700 1092 766 ipsae
1137 698 1416 749 conficiunt.
1452 698 1562 766 Ego

286 767 455 814 contr‘a
493 767 586 814 hoc
619 783 812 832 quoque
853 766 1024 816 laboris
1064 770 1316 834 praemium
1362 782 1562 832 petam,

287 835 357 882 uti
393 850 471 882 me
504 852 530 884 a
559 834 815 900 conspefiiu
857 834 1122 895 malorum,
1159 853 1263 900 quae
1293 834 1449 883 nostra
1486 848 1564 883 tot

286 918 374 967 per
394 919 545 949 annos
566 902 686 949 vidit
711 917 823 950 aetas
841 939 854 961 ,
882 902 1109 968 tantisper
1127 904 1256 953 certe
1277 903 1390 951 dum
1415 901 1571 968 prisca'

288 969 368 1018 illa
396 970 496 1019 tot&
531 985 693 1019 mente
729 983 901 1035 repeto
921 1007 935 1032 ,
969 985 1216 1031 avertam3
1242 986 1274 1035 7
1300 972 1458 1019 omnis
1483 986 1564 1019 ex-

288 1070 403 1110 quam
423 1056 664 1097 traetandam
697 1057 862 1110 suscipio
882 1084 894 1105 ‚

288 1118 511 1172 respublica
526 1132 670 1172 nempe
688 1118 867 1158 Romana
883 1147 894 1167 ‚

289 1179 404 1233 cujus
439 1180 658 1220 universam
698 1179 895 1219 historiam

290 1240 502 1281 scribendo
525 1241 736 1295 compleffi
767 1242 863 1282 volo
880 1269 893 1289 ‚

292 1303 346 1342 est
373 1313 648 1357 argumentum
685 1303 791 1357 quod
830 1316 895 1342 ex·

290 1363 472 1403 crescere
495 1365 640 1403 debeat
667 1363 704 1402 in
728 1364 896 1403 immen-

291 1425 372 1464 sum
402 1439 501 1478 opus
531 1439 544 1473 3
582 1435 624 1464 ut
661 1438 746 1478 qnae
785 1426 896 1478 supra

289 1485 681 1540 septingentesimum
753 1500 896 1525 annum

291 1557 503 1601 repetatur
525 1574 536 1595 ,
586 1547 805 1601 eademque
848 1549 896 1588 ab

287 1609 517 1665 exiguis...-

354 1685 370 1722 5
402 1671 458 1711 Ee
475 1668 673 1723 immensi]
698 1668 895 1710 Connexa

286 1734 432 1787 procul
447 1731 568 1771 dnbio
582 1732 670 1771 sunt
685 1731 763 1771 duo
777 1762 788 1782 ,
810 1747 896 1784 quae

288 1793 470 1848 proxime
484 1792 701 1847 sequuntur
714 1821 728 1839 ,
747 1794 897 1833 oratio-

288 1856 347 1895 nis
365 1855 539 1895 membra
554 1882 566 1902 ‚
584 1867 625 1893 ut
642 1851 896 1909 quaesupra...

291 1918 329 1956 6·
363 1931 443 1970 quae
479 1916 526 1955 ab
558 1915 755 1970 exiguis...
779 1930 897 1968 quum

289 1988 505 2031 utrumque
532 1978 728 2017 rationem
759 1976 898 2017 afferat

290 2052 363 2078 cut
391 2053 457 2080 res
482 2038 527 2078 fit
543 2037 717 2081 immensi
743 2038 897 2091 operis.

291 2099 433 2153 Itaque
463 2100 530 2140 vei
552 2100 721 2139 delenda
745 2099 797 2140 est
825 2113 898 2138 vo-

292 2163 380 2201 cula
404 2161 440 2200 ἃ
468 2171 562 2201 ante
590 2160 758 2213 immensi
787 2173 799 2200 .·
833 2161 898 2200 vel

293 2223 506 2262 dicendum
526 2221 579 2262 est
595 2223 632 2262 ei
656 2223 898 2273 respondere

295 2283 334 2324 δ’
347 2280 769 2339 legent-iumplerisque,
785 2297 899 2334 pror-

293 2344 356 2385 sus
375 2344 476 2398 quasi
511 2343 711 2397 scripsisset
731 2344 865 2384 Livius
886 2358 897 2384 τ

293 2405 492 2446 Praeterea
515 2407 550 2445 δ’
579 2420 637 2444 res
657 2405 709 2453 est
732 2405 902 2459 immensi

293 2468 474 2521 opeu‘s...
491 2466 746 2521 &legentium
759 2465 897 2520 pletis-

293 2543 364 2583 que
386 2542 399 2567 .·
423 2543 509 2581 qnae
531 2529 610 2566 duo
631 2539 800 2581 arguunt
823 2529 897 2566 dif-

290 2588 511 2628 ficultatem
528 2589 676 2642 operis,
694 2602 737 2627 εἰς
756 2589 895 2641 proin·-

292 2650 342 2689 de
361 2651 501 2690 solatio
517 2660 633 2690 erunt
651 2650 856 2701 scriptori,
871 2650 897 2691 fi

288 2710 484 2754 succesus
508 2713 613 2754 votis
630 2725 711 2754 non
727 2712 898 2766 respon-

959 1057 1078 1097 derit.
1115 1059 1207 1097 Non
1242 1057 1332 1099 raro
1353 1058 1457 1111 apud
1485 1070 1566 1097 no·

958 1118 1074 1158 strum
1101 1119 1305 1172 particulae
1324 1119 1401 1159 illae
1415 1147 1428 1164 ,
1453 1119 1488 1158 ὃ·
1508 1119 1562 1166 δ’,

959 1195 1068 1234 qaum
1085 1192 1161 1219 tum
1175 1209 1188 1226 ,
1204 1181 1256 1219 ita
1272 1182 1483 1220 collocatae
1499 1193 1564 1219 re-

959 1242 1167 1293 periuntur
1188 1271 1198 1288 ,
1223 1253 1292 1288 ut,
1315 1241 1413 1281 licet
1433 1241 1567 1295 quoad

960 1302 1110 1342 sensum
1141 1302 1208 1342 fibi
1257 1303 1523 1354 respondeant
1551 1333 1566 1353 ,

961 1365 1090 1417 quoad
1152 1363 1378 1403 strufmram
1430 1376 1567 1403 tamen

959 1427 1174 1465 verborum
1203 1439 1250 1465 ex
1280 1425 1446 1465 adverso
1483 1425 1567 1466 sese

961 1501 1040 1526 non
1061 1482 1288 1540 respiciant.
1308 1487 1371 1526 Sic
1399 1486 1498 1526 infrii
1527 1500 1565 1527 c.

963 1560 1014 1596 25
1037 1548 1198 1588 Feroces
1221 1549 1256 1587 δ’
1284 1545 1424 1602 fizopte
1457 1548 1567 1603 inge-

960 1609 1051 1656 ηἱο,
1078 1609 1113 1648 δ’
1136 1610 1248 1664 pleni
1275 1610 1565 1649 adhortantium

959 1670 1117 1711 vocibus
1138 1684 1149 1710 .·
1172 1672 1210 1711 &z
1234 1672 1260 1710 l.
1284 1672 1341 1710 Vl
1366 1700 1377 1715 ,
1414 1685 1449 1711 c.
1471 1681 1562 1721 23,

959 1731 1088 1771 Ferox
1108 1747 1216 1786 quum
1250 1744 1361 1772 aetate
1385 1732 1420 1771 (a
1455 1732 1568 1786 inge-

995 1793 1002 1800 '
1061 1822 1074 1838 ,
1117 1808 1194 1832 tum
1235 1792 1566 1836 multitudinis....

955 1852 1027 1909 spe
1060 1854 1235 1906 inflatus.

1025 1913 1337 1963 6Festinamihus
1349 1916 1400 1953 ad
1409 1915 1484 1956 haec
1497 1928 1569 1955 no·

961 1976 1043 2029 να]
1076 1976 1180 2027 Quia
1211 1976 1390 2015 nimirum
1422 1976 1567 2017 ardent

961 2037 1155 2077 defidetio
1170 2037 1458 2091 cognoscendae
1472 2047 1568 2078 ante

963 2099 1092 2138 omnia
1128 2099 1295 2139 historiae
1338 2097 1570 2139 novissimo-

963 2174 1047 2200 rum
1062 2162 1200 2200 horum
1219 2171 1443 2213 temporum
1458 2187 1468 2205 ,
1482 2160 1570 2213 qui·

962 2222 1035 2261 bus
1054 2220 1287 2274 jampridem
1309 2221 1569 2274 praevalentis

964 2283 1101 2335 populi
1136 2282 1238 2322 vires
1281 2283 1319 2322 se
1368 2282 1568 2336 ipsae'per

963 2345 1065 2384 bella
1095 2342 1225 2383 civilia
1258 2341 1493 2384 conficiunt.

1023 2419 1048 2456 7
1083 2405 1218 2445 Omnis
1258 2418 1395 2458 expers
1429 2404 1588 2457 cunt]-

963 2467 1058 2506 Non
1096 2468 1314 2505 verebatur
1349 2465 1480 2506 Livius
1516 2480 1568 2506 ne

961 2528 1079 2566 rebus
1096 2528 1234 2566 Numae
1246 2538 1313 2566 aut
1329 2527 1455 2565 Servii
1470 2527 1571 2566 Tul·

958 2589 998 2627 lii
1032 2589 1298 2627 memorandis
1335 2587 1562 2640 cuir-sqnam

960 2650 1128 2689 animum
1158 2650 1397 2689 offenderet.
1427 2649 1579 2702 ltaque.

959 2709 1220 2752 τειῃοιὶίῑιηιεε
1233 2711 1335 2752 illius
1355 2709 1566 2764 antiquita-
