1689 3083
369 79 415 135 L
460 93 481 134 1
526 93 561 134 Β
607 94 644 134 Ε
685 95 727 136 R
813 82 837 136 1
873 83 915 138 Ι.
1187 101 1296 142 221

32 155 100 205 eis
120 193 135 217 ‚
167 166 268 206 tum
302 159 504 206 militum
540 158 708 223 oper-fi.
737 156 946 207 Primum
962 177 1100 226 aequo
1122 180 1299 230 campo
1319 174 1514 219 U,c,286.

29 220 170 289 fignis
195 225 378 272 collatis
398 241 685 293 pugnaturn,
716 241 745 289 9
766 227 946 292 ingenti
973 230 1100 277 caede
1130 234 1300 278 utrim-
1320 227 1513 281 a.(;,466.

32 306 127 357 que
151 292 609 359 plurimo‘sanguine
635 311 645 338 ι
682 293 733 340 &
765 292 1006 353 Romani,
1037 298 1146 360 quia
1176 315 1301 360 pau-

34 359 148 407 citas
191 359 369 408 damno
404 360 655 408 sentiendo
690 362 889 425 propior
924 374 1023 409 erat
1046 398 1059 420 ,
1104 365 1306 429 gradum

26 425 325 487 retulissent,
355 429 402 474 ni
428 428 597 476 salubri
627 428 879 476 mendacio
903 428 1062 476 consul
1086 467 1099 488 ‚
1140 429 1307 495 fugere

33 491 191 541 hostes
237 495 295 542 ab
334 512 484 543 cornu
525 495 674 544 altero
715 495 962 544 clamitans
986 533 1000 555 ‚
1031 496 1309 546 concitaffet

35 561 222 620 aciem3
257 563 440 627 impetu
470 562 594 611 facto
616 600 630 621 ‚
667 563 780 611 dum
801 561 847 610 se
883 577 1053 627 putant
1077 565 1307 624 vincere,

33 629 216 677 vicere.
264 628 447 678 Consul
493 645 712 679 metuens
745 666 760 688 ,
810 647 871 678 ne
911 632 1050 678 nimis
1088 630 1308 681 instando

33 711 296 745 renovaret
344 711 583 746 certamen
621 734 635 757 ‚
680 696 861 764 signum
907 699 1122 761 receptui
1161 699 1312 750 dedit.

31 760 343 813 Intercessere
385 768 521 830 pauci
555 764 656 813 dies
687 802 701 825 ,
752 766 884 813 velut
921 767 1073 813 tacitis
1105 766 1311 815 induciis

34 833 273 897 utrimque
302 835 463 898 quiete
500 832 717 897 sumpte,
762 849 848 897 per
884 850 1005 898 quos
1039 835 1208 899 ingens
1237 837 1311 883 vis

33 896 288 947 hominum
306 917 365 948 ex
385 901 608 949 omnibus
625 899 813 947 Volscis
834 899 1092 966 AEquisque
1119 902 1311 966 populis

33 965 84 1012 in
108 964 252 1014 castra
284 971 417 1016 venit
439 1006 453 1028 ‚
493 968 620 1014 haud
660 967 881 1015 dubitans
912 1005 926 1027 ‚
978 967 1009 1015 si
1042 967 1266 1017 senserint
1296 1007 1313 1030 ‚

34 1029 288 1083 Romanos
323 1035 465 1083 nocie
500 1035 727 1083 abituros.
774 1033 941 1100 ltaque
978 1051 993 1082 1
1035 1037 1172 1083 tertia
1211 1035 1312 1085 fere

37 1100 202 1166 vigilia
231 1102 291 1150 ad
319 1101 462 1150 castra
486 1102 811 1168 oppugnanda
831 1104 1046 1150 veniunt.
1080 1102 1312 1166 Quintius

35 1165 203 1217 sedato
229 1172 434 1218 tumultu
454 1208 468 1229 ‚
501 1187 644 1235 quem
669 1185 823 1217 terror
851 1169 1026 1218 subitus
1063 1174 1315 1220 excitave-

37 1248 143 1295 rat,
176 1254 323 1302 quum
356 1254 550 1286 manere
593 1240 640 1285 in
687 1239 902 1285 tentoriis
933 1240 1145 1302 quietum
1180 1239 1314 1286 mili-

35 1314 138 1353 tem
165 1301 357 1367 iuffiffet
381 1342 395 1365 ‚
437 1304 758 1353 Hernicorum
787 1306 1040 1353 cohortem
1067 1309 1112 1353 in
1147 1303 1315 1354 statio-

35 1387 152 1419 nem
191 1372 352 1420 educit
387 1390 396 1419 :
439 1374 703 1421 cornicines
730 1372 1054 1438 tubicinesque
1079 1376 1128 1420 in
1161 1390 1315 1440 equos

35 1437 287 1503 impositos
313 1457 483 1489 canere
507 1457 616 1488 ante
635 1440 812 1488 vallum
833 1437 967 1503 jubet
984 1478 998 1500 ,
1037 1440 1315 1489 sollicitum-

37 1522 132 1572 que
164 1506 349 1556 hostem
385 1510 443 1555 ad
472 1510 629 1556 lucem
661 1524 860 1565 tenere3
900 1507 1130 1573 reliquum
1163 1508 1313 1558 noeis

33 1573 162 1622 adeo
182 1576 430 1640 tranquilla
456 1577 618 1624 omnia
646 1579 693 1622 in
715 1574 870 1622 castris
890 1574 1022 1623 fuere
1045 1613 1057 1634 ‚
1085 1591 1134 1623 ut
1158 1575 1313 1625 somni

37 1658 231 1707 quoque
271 1643 501 1691 Romanis
540 1645 680 1709 copia
713 1642 844 1691 effer.
887 1642 1096 1691 Volscos
1132 1643 1314 1708 species

37 1725 329 1758 armatorum
365 1713 579 1775 peditum
603 1748 617 1770 ,
652 1729 772 1776 quos
811 1709 860 1757 δέ
896 1711 1056 1774 plures
1089 1709 1181 1759 esse
1205 1747 1220 1769 ,
1261 1712 1314 1759 &

31 1773 289 1826 *Romanos
310 1780 541 1843 putabant
564 1818 576 1837 ,
602 1778 816 1826 fremitus
841 1777 1137 1844 hinnitusque
1158 1796 1313 1844 equo-

35 1859 142 1892 rum
162 1883 176 1905 ,
204 1848 284 1912 qui
309 1846 358 1894 ἃ
388 1846 569 1894 insueto
591 1846 783 1894 sedente
814 1847 975 1908 equite
997 1884 1011 1904 ,
1049 1848 1097 1894 ὅ(
1124 1846 1314 1911 insuper

37 1928 174 1961 aures
203 1916 411 1980 agitante
440 1914 595 1962 sonitu
621 1951 634 1973 ‚
663 1913 919 1961 saeviebant
943 1951 958 1974 ,
988 1916 1198 1963 intentos
1229 1931 1315 1966 ve·

35 1978 106 2030 lut
122 1981 182 2029 ad
203 1983 437 2047 impetum
456 1981 662 2030 hostium
684 1983 852 2030 tenuit.

99 2123 127 2165 9
166 2111 316 2168 Ingenti
340 2116 490 2153 caea’e...
519 2112 641 2168 pluri-

19 2164 22 2168 Δ
706 2112 976 2168 stinguebetur
1006 2124 1162 2166 tempus
1181 2113 1309 2154 noffls

39 2180 100 2214 mb
131 2172 352 2229 sanguine]
390 2175 641 2214 Alterutrum

707 2175 746 2213 in
780 2185 950 2228 quatuor
990 2175 1178 2228 vigilias,
1212 2190 1312 2224 qua-

41 2248 94 2275 ex
122 2235 180 2274 his
213 2248 346 2276 vacat.
370 2236 526 2291 Ingenti
545 2238 643 2276 caede

41 2295 176 2349 potitis
208 2296 419 2337 delendum
451 2298 610 2336 videtur
630 2323 641 2343 ,

40 2367 86 2397 ut
117 2355 300 2411 glossema
327 2359 502 2398 additum
523 2359 640 2398 inter·

40 2418 247 2472 pretendis
310 2419 370 2459 his
413 2420 594 2475 vvocibus
632 2447 644 2466 ,

35 2479 208 2534 plurimo
231 2475 448 2535 sanguine,
480 2495 644 2535 quarum

41 2539 170 2580 rarior
196 2541 303 2579 usus.

107 2612 128 2644 1
155 2600 340 2646 Tertici’...
368 2601 547 2661 vigilii]
570 2601 648 2646 Di-

707 2249 791 2274 rum
821 2249 1067 2289 unaquaeque
1100 2237 1217 2275 trium
1237 2239 1310 2276 ho-

706 2311 834 2336 rarum
875 2309 974 2336 erat.
1022 2297 1162 2350 ltaque
1192 2298 1311 2337 tertia

706 2358 844 2411 vigilia
878 2372 897 2396 a
928 2358 1057 2396 media
1093 2358 1208 2397 uoch
1250 2360 1311 2397 iu·

707 2419 879 2470 cipiebat
903 2447 913 2465 ,
941 2419 1047 2457 nonii
1067 2420 1191 2459 noffis
1211 2418 1312 2459 bor&

705 2479 937 2519 finiebatur.
975 2480 1146 2533 Singulis
1177 2492 1312 2519 autem

779 2542 829 2560 .,..

697 2595 856 2661 ξνίςὶίετε.
885 2603 1158 2659 mutabantur.
