1653 3078
460 98 503 151 L
550 114 570 152 1
615 114 648 152 B
699 115 730 154 E
774 120 813 158 R
910 110 949 163 Ι.
1219 135 1321 197 105

56 167 358 239 sentiumque
399 173 526 223 bona
565 175 698 241 juxte
744 196 886 248 atque
926 189 1329 258 interemptorum

67 254 87 302 5
126 239 272 287 divisa
298 239 451 290 fuere.
492 242 774 312 Largitionis
813 252 923 299 inde
963 257 1231 325 praedaeque
1275 267 1328 314 &

59 307 234 369 privati
267 308 522 359 dulcedine
560 317 848 377 commodi⁹
896 319 1050 369 sensus
1087 329 1329 381 malorum

58 374 363 436 publicorum
394 379 539 426 adimi
567 398 577 429 :
609 381 766 430 donec
797 386 914 434 orba
948 388 1145 440 consilio
1187 400 1330 445 auxi-

1 433 7 443 ⁵
55 440 220 505 lioque
238 442 430 493 Gabina
453 462 528 495 res
548 485 562 507 ‚
589 452 691 516 regi
717 450 942 503 Romano
960 454 1057 505 sme
1076 460 1170 508 ulla
1188 463 1332 514 dimi-

55 510 248 558 catione
278 513 326 559 in
349 530 544 562 manum
572 518 788 566 traditur.

123 574 233 624 LV.
269 578 300 628 6
347 578 516 630 Gabiis
542 587 748 650 receptis
780 624 795 645 ‚
835 586 1124 656 Tarquinius
1150 605 1329 662 'pacem
1412 612 1535 659 Gabii

57 658 168 690 cum
199 645 470 712 AEquorum
509 666 652 714 gente
681 653 797 703 fecit
823 672 833 702 :
871 656 1027 708 foedus
1061 680 1170 712 curn
1202 665 1328 716 Tus-
1345 679 1509 730 recepti.

55 711 121 757 cis
156 717 431 763 renovavit.
465 716 584 766 Inde
611 720 669 766 ad
700 725 894 787 negotia
917 728 1094 777 urbana
1112 735 1325 785 animum

55 783 333 841 convertit;
370 801 574 848 quorum
607 802 706 834 erat
748 793 954 854 primum
977 832 990 854 ‚
1036 812 1087 846 ut
1117 817 1148 863 7
1188 801 1326 854 Jovis

0 846 4 848 ’
52 847 293 911 templum
322 848 351 898 8
377 851 426 898 in
458 868 622 901 monte
655 854 872 921 Tarpeio
893 898 910 918 ‚
954 881 1324 920 monumentum

52 916 190 979 regni
224 915 290 964 sui
323 918 622 985 nominisque
660 924 951 990 relinqueret
978 948 988 978 :
1028 930 1319 1000 Tarquinios
1338 953 1538 1012 AEdifica.

51 997 190 1047 reges
207 983 377 1033 ambos
395 1023 408 1045 ‚
440 1002 626 1051 patrem
645 992 826 1040 voviffe
847 1032 860 1053 ,
887 995 1036 1047 filium
1054 1004 1320 1066 perfecisse.
1340 1028 1405 1055 tur
1419 1022 1537 1074 Capi-

51 1045 115 1096 Et
150 1064 200 1098 ut
234 1051 383 1100 libera
417 1071 443 1101 a
488 1058 658 1104 ceteris
708 1061 1014 1127 religionibus
1052 1088 1158 1119 area
1205 1076 1320 1126 esset
1339 1079 1538 1122 toliniJo-

50 1127 156 1164 tota
182 1116 317 1166 Jovis
352 1157 367 1180 ‚
413 1124 675 1189 templique
711 1125 811 1190 ejus
844 1134 976 1196 quod
1008 1136 1320 1194 inaedificare-
1339 1141 1533 1186 visaedes.

49 1197 158 1243 ταῖς
185 1199 214 1249 9
247 1203 539 1254 exaugurare
572 1190 680 1239 fana
706 1193 968 1265 sacellaque
992 1202 1147 1256 statuit
1167 1247 1181 1268 ,
1218 1230 1325 1278 quae

50 1251 236 1317 aliquot
266 1256 331 1302 ibi
366 1274 392 1302 a
434 1257 579 1305 Tatio
613 1278 728 1327 rege

49 1321 246 1369 crimine
275 1322 503 1373 adversus
528 1326 707 1377 Romul

51 1385 228 1435 secrata
272 1392 651 1456 inaugurataque

762 1267 966 1329 primum
1011 1273 1055 1320 in
1090 1276 1190 1341 ipso
1228 1281 1327 1329 dis-

713 1349 790 1378 um
825 1352 994 1403 pugnae
1019 1357 1132 1390 vota
1161 1384 1174 1405 ,
1206 1365 1326 1397 con-

717 1399 881 1464 postea
932 1404 1133 1470 suerent.

47 1455 278 1521 principia
297 1460 540 1510 condendi
562 1462 698 1527 hujus
720 1472 878 1534 operis
895 1509 909 1531 ‚
951 1490 968 1521 1
1004 1478 1206 1531 movisse
1232 1502 1324 1534 nu-

116 1590 135 1628 5
157 1578 457 1637 Divisafuere]
478 1586 654 1628 Videtur

49 1638 230 1694 scripsisse
250 1643 388 1686 Livius
413 1646 553 1700 divisui
574 1662 585 1687 .·
610 1661 653 1690 ut
714 1654 765 1692 lic
801 1656 967 1709 sepulta.
1006 1661 1041 1701 C

49 1700 173 1748 infra,
198 1705 224 1742 1.
245 1704 433 1747 XXXIH
451 1736 461 1754 ‚
485 1723 518 1747 e.
542 1711 612 1760 46.

109 1762 134 1802 6
159 1761 295 1805 Gabiis
310 1769 500 1822 receptis]
519 1771 648 1811 Recu-

46 1835 224 1878 peratam
246 1827 341 1868 dicit
357 1829 456 1869 hanc
475 1834 612 1873 urb-ern
636 1863 647 1880 ,

47 1885 156 1938 quod
180 1899 202 1926 e
233 1902 399 1929 numero
420 1892 646 1935 Latinarum

46 1945 143 1985 effer
166 1974 177 1993 ‚
223 1963 310 2001 quae
352 1951 506 1993 foedere
557 1970 643 1996 curn

46 2006 171 2047 Tullo
190 2010 282 2049 olim
299 2039 310 2059 ,
331 2026 377 2052 ac
391 2014 536 2055 deinde
556 2033 643 2058 cum

45 2066 267 2123 Tarquinio
308 2072 392 2127 ipso
413 2103 424 2120 ‚
446 2076 538 2123 ‚icto
559 2110 569 2127 ,
608 2080 646 2119 in

44 2128 266 2171 Romanurn
304 2135 496 2177 cesserant
524 2139 645 2194 impe

42 2191 156 2229 rium.
177 2192 274 2233 Ideo
291 2195 331 2235 &
348 2197 484 2250 suprfi,
505 2214 539 2240 c.
565 2215 615 2251 54
631 2230 642 2250 ,

45 2250 188 2292 dicitur
217 2254 360 2298 Sextus
391 2259 573 2303 Gabinos
594 2265 643 2304 ad

41 2310 304 2356 rebellandum
330 2319 518 2362 incitasse.

104 2387 130 2424 7
157 2373 293 2431 Iovis]
325 2380 571 2439 Junonisque
595 2401 641 2427 ac

41 2432 256 2476 Minervae.
298 2480 302 2482 ,

103 2494 126 2535 8
167 2496 216 2537 In
254 2515 382 2542 monte
431 2505 599 2563 Tarpeio
619 2511 637 2564 ]

39 2555 146 2597 Huic
195 2562 320 2601 monti
359 2580 504 2608 nomeu
555 2584 641 2612 erat

43 2616 210 2670 Tarpeio
237 2637 258 2662 a
288 2623 461 2682 Tarpeia
485 2632 638 2689 virgine

44 2713 47 2716 >
108 2679 231 2729 Tom.
265 2682 306 2732 I.

241 2823 276 2859 a

718 1589 805 1641 (de
834 1610 907 1648 qua
935 1597 1046 1652 supr&
1071 1631 1084 1647 ,
1108 1618 1146 1644 c.
1177 1619 1191 1646 1
1209 1611 1257 1664 1)
1276 1610 1321 1650 il-

1047 1666 1200 1707 eterum
1239 1686 1320 1724 quo

714 1725 897 1769 tempore
929 1735 1019 1761 eum
1054 1726 1188 1768 locum
1222 1731 1322 1774 Tar-

713 1778 870 1829 quinius
909 1781 1001 1823 Jovi
1030 1790 1313 1842 consecravit,

709 1838 784 1878 offa
831 1842 1014 1896 Tarpeiae
1056 1850 1135 1892 alio
1180 1854 1312 1899 delata

709 1900 795 1939 suut
815 1931 826 1949 ‚
850 1914 1076 1961 nomenque
1101 1913 1187 1968 ejus
1209 1931 1314 1959 exo-

708 1962 805 2001 levit
837 1995 848 2013 ,
889 1967 957 2006 nisi
1007 1970 1111 2022 quod
1153 1976 1316 2034 Tarpeii

711 2022 788 2062 saxi
808 2040 954 2068 nomen
975 2031 1128 2086 semper
1150 2042 1319 2084 retinuit

711 2098 756 2124 ea
788 2100 908 2139 rupes
944 2105 994 2130 ex
1027 2109 1102 2147 qua
1136 2100 1318 2155 dejicere

710 2146 916 2190 damnatos
949 2152 1144 2199 solebant.

770 2220 793 2260 9
808 2210 1065 2267 Exaugurare
1077 2219 1208 2276 fhna]
1227 2226 1317 2267 Au·-

707 2271 849 2322 gurato
870 2276 1099 2321 consecrata
1122 2285 1282 2328 fuerint
1299 2317 1312 2336 ‚

703 2344 781 2370 nec
806 2335 1001 2390 religione
1029 2342 1219 2399 liberari,
1244 2350 1311 2390 nist
1353 2377 1356 2380 ⁴

704 2395 898 2446 augurato
916 2427 926 2442 ,
947 2413 1151 2451 poterant.

771 2467 787 2494 1
812 2457 982 2513 Movzffe
1002 2479 1138 2507 numen
1157 2469 1173 2521 J
1201 2470 1310 2511 Tra-

704 2515 810 2556 ditur
852 2519 951 2562 deos
991 2527 1201 2570 exseruisse
1236 2546 1310 2585 po·

703 2578 872 2620 tentiam
924 2583 963 2623 &
1010 2590 1308 2639 providentiam

702 2638 806 2680 suam
822 2642 1167 2702 adiudicandum,
1188 2657 1307 2709 quale

970 2701 1019 2752 G
