1704 3073
203 1310 313 1353 Alba

140 1378 214 1422 &on
222 1376 318 1415 dita.

349 131 384 190 8
633 122 908 185 T1‘T1
998 129 1334 186 L1v11

344 228 375 259 2
403 209 537 277 super
567 207 843 258 Numicium
862 208 1070 260 flumen:
1091 208 1267 259 Jovem
1295 207 1622 277 Nndigetem
1674 256 1676 259 .

344 280 604 345 appellant.
1264 285 1275 289 “

412 345 497 395 ΙΙΙ.
528 345 760 395 Nondum
791 357 1001 392 maturus
1032 345 1239 410 imperio
1274 343 1500 393 Ascanius
1534 345 1622 395 AE-

345 432 449 463 neae
471 413 592 461 filius
619 426 748 462 erat:
775 425 936 459 tamen
959 412 1006 458 id
1026 413 1280 477 imperium
1304 415 1348 461 ei
1381 413 1440 460 ad
1465 413 1621 478 pube·
1687 471 1692 478 ἱ

340 499 444 532 rem
465 496 654 529 aetatem
677 479 922 527 incolume
948 478 1144 537 manfit3
1165 497 1196 540 4
1217 479 1440 545 tantisper
1471 481 1622 530 tutela

342 549 562 597 muliebri
601 547 771 614 (tanta
803 547 990 594 indoles
1030 549 1079 594 in
1124 546 1321 596 Lavinia
1368 546 1507 614 erat»)
1546 566 1621 597 res

343 616 512 665 Latina
546 615 597 664 &
635 631 836 680 regnum
866 617 1046 662 avitum
1082 629 1430 681 paternumque
1467 632 1620 680 puero

343 683 482 732 stetit.
508 699 526 749 5
554 681 699 730 Haud
721 682 833 729 nihil
863 683 1104 747 ambigam
1135 680 1205 748 (6
1229 685 1330 747 quis
1354 685 1482 731 enim
1517 700 1620 731 rem

344 765 444 800 tam
464 767 682 799 veterem
713 768 801 815 pro
829 765 958 798 certo
979 748 1179 798 affirmet
1207 748 1260 815 ?)
1296 751 1479 798 hiccine
1515 749 1622 799 fue-

345 821 404 867 rit
437 818 664 866 Ascanius
685 855 699 876 ‚
733 835 792 865 an
818 815 975 877 maior
1006 817 1149 883 quiam
1174 818 1276 876 hic,
1311 817 1494 866 Creusfix
1517 835 1624 865 ma-

345 901 417 935 tre
448 885 539 934 Ilio
573 886 803 933 incolumi
832 901 966 932 natus
991 921 1004 943 ‚
1040 885 1297 950 comesque
1331 885 1442 933 inde
1466 903 1622 950 pater·

345 973 421 1002 nae
457 953 610 1020 fugae,
639 969 781 1018 quem
814 951 965 1000 lulum
997 952 1224 1000 eumdem
1253 951 1372 1000 Julia
1401 970 1516 1020 gens
1540 971 1623 1002 au·

347 1021 528 1070 &torem
574 1022 783 1068 nominis
832 1023 897 1067 lui
938 1035 1197 1084 nuncupat.
1249 1019 1292 1067 Is
1339 1020 1566 1068 Alcanius
1602 1059 1620 1079 ,

343 1090 635 1153 ubicumque
668 1088 718 1135 ὃ(
746 1103 1043 1152 quacumque
1074 1102 1224 1136 matre
1244 1090 1428 1153 genitus
1457 1087 1621 1154 (certe

344 1173 509 1205 natum
541 1154 693 1205 AEnea
722 1153 946 1219 constat)
985 1155 1257 1202 abundante
1287 1155 1469 1204 Lavinii
1499 1156 1624 1204 mul-

346 1225 580 1282 titudine,
626 1223 881 1271 florentem
927 1220 1023 1284 jam
1059 1226 1147 1284 (ut
1178 1238 1280 1270 tum
1327 1240 1399 1271 res
1439 1224 1610 1290 erant)
1675 1270 1678 1273 i

351 1308 491 1358 atque
527 1290 808 1356 opulentam
833 1289 1002 1336 urbem
1035 1292 1172 1336 matri
1199 1327 1213 1347 ‚
1248 1289 1322 1337 seu
1359 1308 1618 1352 novercae,

352 1362 539 1427 reliquit
561 1376 572 1407 ;
600 1376 778 1409 novam
799 1356 895 1425 ipse
917 1356 1056 1406 aliam
1085 1373 1116 1422 7
1133 1357 1213 1406 sub
1235 1357 1430 1407 Albano
1451 1375 1619 1408 monte

347 1486 433 1541 jura
450 1485 608 1525 volunt.
626 1484 780 1525 Relatis
799 1482 954 1524 enimin

349 1549 516 1588 deorum
554 1560 761 1586 numerum
806 1557 954 1584 novum

347 1623 496 1650 nomen
507 1608 609 1661 apud
625 1607 805 1647 coelestes
826 1606 954 1659 impo-

347 1672 518 1711 nebatur
537 1680 606 1708 :ut
620 1669 813 1709 Romulus
832 1668 954 1707 diffinis

349 1731 404 1772 est
449 1730 637 1788 Quirinus
658 1761 669 1780 ,
716 1729 954 1770 Melicertes

351 1792 569 1834 Palaemon.
600 1792 667 1831 De
702 1791 869 1831 vocibus
889 1791 953 1842 jus

350 1858 393 1894 ἃ
412 1852 480 1907 fas
502 1882 512 1901 ,
535 1853 614 1893 vid.
640 1862 727 1893 not.
749 1854 797 1892 ad
816 1865 851 1891 c.
872 1863 949 1904 32,

350 1916 471 1956 infra.
672 1913 675 1915 ⁵

414 1989 437 2015 2
460 1975 622 2030 Super]
658 1973 797 2016 Juxta.
829 1974 957 2028 Super

350 2037 511 2078 Numici
553 2036 677 2090 ripam
698 2063 708 2080 ,
745 2046 788 2074 ut
821 2035 954 2075 scribit

348 2098 503 2138 Aufior
521 2097 586 2136 lib.
603 2098 650 2136 de
671 2097 842 2151 Origine
860 2111 954 2152 gen-

349 2159 401 2200 tis
430 2159 638 2199 Romanae.

415 2231 435 2272 3
474 2218 715 2273 Indigetem]
752 2218 823 2257 Dii
852 2218 955 2258 indi-

351 2291 468 2336 getes
488 2291 600 2320 erant
629 2280 684 2326 ii,
718 2294 817 2332 quos
837 2281 956 2320 meri-

348 2352 390 2383 ta
418 2343 456 2381 in
494 2341 637 2380 coelum
674 2352 920 2380 vocaverant
942 2369 953 2388 ,

350 2402 455 2458 quasi
477 2403 566 2443 inde
587 2430 597 2448 ,
618 2401 642 2439 i.
667 2416 703 2440 e.
729 2414 874 2441 eterra
893 2417 954 2457 ge-

349 2464 441 2504 niti.
479 2463 583 2501 Hinc
612 2461 779 2503 AEneam
800 2494 810 2512 ,
839 2477 954 2515 quem

349 2526 416 2565 hic
466 2524 600 2563 Livius
637 2534 759 2563 vocat
795 2522 953 2578 Indige-

353 2599 427 2625 tem
448 2615 461 2631 ,
490 2584 663 2638 Dionys.
704 2584 955 2625 Halicarnas-

352 2653 442 2693 seus
480 2652 625 2696 Graece
648 2648 798 2707 χθόνιον
825 2645 917 2694 θεόν
939 2680 955 2705 ,

1015 1483 1042 1524 i.
1063 1497 1101 1523 e.
1123 1493 1327 1524 terrenum
1344 1483 1460 1524 deum
1480 1484 1620 1538 appel-

1015 1547 1086 1585 lat.

1076 1604 1334 1661 4Tc1ncisper]
1350 1607 1509 1647 Interea
1526 1606 1619 1647 dum

1017 1667 1208 1708 Ascanius
1237 1668 1445 1708 adolescit.

1084 1742 1101 1778 5
1122 1728 1243 1768 Haud
1266 1730 1365 1768 nihil
1397 1729 1616 1784 ambigam]

1017 1790 1172 1830 Dubito
1221 1789 1350 1830 utrum
1387 1790 1581 1831 Ascanius
1604 1818 1617 1837 ,

1018 1852 1084 1904 qui
1105 1850 1187 1904 post
1204 1849 1372 1891 AEneam
1406 1852 1619 1906 regnavit,

1016 1912 1138 1952 fuerit
1163 1913 1226 1951 hic
1249 1940 1260 1959 ,
1291 1913 1319 1953 i.
1354 1927 1393 1953 e.
1421 1927 1521 1966 puer
1553 1913 1584 1953 is
1606 1940 1619 1961 ,

1018 1975 1066 2013 de
1084 1988 1162 2028 quo
1182 1974 1369 2014 haelenus
1390 2003 1400 2021 ‚
1417 1988 1531 2027 quem
1561 1975 1622 2015 di·

1016 2036 1142 2074 ximus
1169 2047 1309 2076 natum
1339 2049 1388 2075 ex
1419 2034 1577 2074 L‘avinia
1605 2049 1619 2081 ;

1017 2111 1066 2135 an
1092 2098 1193 2135 alter
1216 2095 1341 2149 major
1357 2108 1470 2136 aetate
1503 2100 1621 2151 quam

1016 2158 1094 2204 hic,
1112 2156 1267 2197 Creusa
1286 2169 1464 2198 matre...
1485 2168 1622 2199 natus.

1081 2219 1105 2259 6
1133 2217 1281 2275 Quis...
1299 2233 1376 2258 rem
1407 2232 1486 2258 tam
1516 2231 1621 2259 vete·

1019 2294 1096 2319 rem
1123 2293 1196 2334 pro
1228 2292 1332 2319 certo
1364 2278 1529 2333 affirmet
1559 2279 1618 2332 Ρ]

1020 2341 1084 2380 Sic
1104 2341 1203 2380 infrz'i
1222 2341 1245 2379 l.
1270 2341 1330 2380 IV
1348 2369 1357 2387 ‚
1379 2355 1414 2380 e.
1440 2353 1488 2391 55
1512 2368 1523 2388 ,
1546 2340 1622 2380 illa

1015 2417 1090 2456 pro
1115 2414 1219 2441 certo
1247 2401 1438 2442 habenda.

1079 2483 1105 2523 7
1122 2469 1201 2509 Sub
1216 2469 1376 2511 Albano
1393 2471 1552 2524 monte]
1574 2470 1621 2510 In

1019 2544 1070 2570 eo
1111 2543 1246 2571 monte
1265 2560 1275 2580 ‚
1297 2532 1360 2585 qui
1387 2532 1520 2585 postea
1542 2532 1621 2570 Al-

1019 2592 1139 2631 banus
1159 2593 1207 2632 de
1228 2593 1387 2635 nomine
1419 2593 1526 2632 urbis
1560 2591 1622 2631 di-

1020 2653 1101 2694 ξὶιιε
1134 2653 1206 2697 est.

1368 2709 1584 2762 condidit
1603 2747 1621 2772 ‚
