1653 3078
332 121 999 180 PRAEFATJO.
1206 146 1313 181 xxv

43 202 358 270 praecipiendi
380 200 672 267 profeffione
696 200 954 250 absterrent
973 218 1026 248 ac
1053 201 1217 268 fugant
1241 207 1325 253 in..

48 273 229 321 dociles
257 271 539 337 plerumque
561 271 807 318 hominum
832 271 1047 317 animos:
1077 268 1239 318 Livius
1263 273 1319 323 &

44 341 182 388 omni
205 339 495 405 eloquentiae
522 337 650 386 cultu
673 338 886 386 salutaria
908 337 1090 385 monita
1110 335 1247 386 vestit
1266 339 1320 387 &

48 421 251 457 exornat
272 444 286 464 ‚
313 408 364 454 ὃ(
392 408 455 453 ita
477 407 687 470 praecipit
708 422 757 454 ut
779 404 966 470 prorsus
992 403 1135 452 lateat
1156 407 1321 468 praeci-

48 474 217 541 piendi
241 473 482 523 voluntas.
502 471 695 520 Nullum
718 475 764 520 in
788 490 847 520 eo
875 470 1127 537 magisterii
1151 470 1323 536 super-

49 541 210 590 cilium
243 557 258 599 ;
285 541 411 588 nulla
443 539 648 588 docioris
682 539 913 605 persona:
945 538 1159 604 fallitque
1193 539 1324 586 disci·

50 609 182 677 plina
215 609 399 657 virtutis
435 610 544 656 ante
595 607 822 656 insinuata
865 608 1138 666 mentibus,
1177 606 1325 672 quam

50 675 140 743 ipsi
163 678 242 740 qui
271 675 449 723 discunt
484 676 648 723 doceri
680 674 773 723 sese
811 674 1091 740 intelligant.

123 743 236 792 Hoc
266 741 508 791 artificium
533 742 701 791 callide
722 742 1124 805 deprehenditvir
1150 740 1327 789 exculti

54 812 204 861 multa
228 812 520 859 humanitate
551 812 729 876 ingenii
751 809 1058 858 Corbinellus
1077 847 1087 864 ,
1111 811 1188 873 qui
1218 808 1331 858 sen-

54 881 225 928 tentias
261 895 289 927 e
323 877 462 926 Livio
496 876 716 926 colle&as
763 878 964 925 contulit
995 878 1041 924 in
1077 876 1292 925 libellum
1313 913 1331 934 ‚

56 948 242 996 editum
268 944 444 993 Parifiis
467 963 592 993 anno
620 945 761 1009 1694.
781 942 835 991 In
857 946 1041 991 monito
1062 944 1194 1010 quod
1223 945 1334 991 huic

56 1014 224 1062 libello
258 1011 502 1077 praefixum
535 1011 601 1061 est
623 1050 636 1071 ,
676 1011 896 1060 observat
931 1013 1121 1072 editor,
1159 1013 1334 1060 mirum

59 1079 344 1148 quibusdam
366 1078 557 1128 fortasse
588 1080 740 1128 videri
771 1077 900 1143 poffe
923 1116 938 1137 ,
957 1080 1088 1145 quod
1129 1082 1207 1145 qui
1233 1094 1336 1128 tam

57 1167 161 1198 non
180 1147 468 1197 sententiose
491 1146 721 1211 scripserit
739 1146 897 1194 Livius
918 1183 931 1204 ,
955 1162 1051 1195 tam
1085 1148 1253 1196 multas
1275 1163 1339 1195 ex

59 1215 144 1265 suo
190 1232 339 1281 opere
383 1215 709 1279 excerpendas
758 1214 1011 1262 sententias
1062 1215 1340 1279 praebuerit.

60 1283 158 1332 Sed
179 1299 355 1347 nempe
388 1286 607 1349 egregius
642 1282 829 1329 dicendi
862 1281 1055 1340 artifex,
1085 1300 1182 1329 non
1204 1319 1219 1341 ‚
1246 1281 1342 1330 Po-

61 1351 259 1417 lybiana
291 1350 622 1413 simplicitate,
653 1363 893 1414 tamquam
918 1366 1179 1415 purpureos
1210 1367 1339 1414 pan-

57 1435 154 1466 nos
173 1455 187 1477 ‚
235 1420 492 1466 narrationi
540 1416 797 1466 sententias
847 1416 992 1465 assuit.
1048 1416 1217 1484 Longe
1273 1417 1343 1464 illi

64 1485 222 1550 major
249 1484 313 1534 est
342 1483 594 1533 venustatis
628 1487 679 1534 ὃ(
707 1484 1031 1551 aequabilitatis
1060 1486 1105 1531 in
1133 1484 1342 1532 scriben-

67 1555 134 1602 do
165 1570 293 1602 cura.
326 1552 427 1600 Dat
448 1555 606 1618 itaque
641 1570 838 1618 operam
861 1589 875 1612 ‚
901 1571 954 1600 ne
974 1590 987 1610 ,
1016 1553 1145 1617 quod
1176 1551 1343 1618 postea

69 1620 321 1671 Petronius
356 1623 566 1678 monuit,
587 1619 815 1683 sententiae
844 1622 1067 1667 emineant
1089 1636 1214 1667 extra
1246 1638 1341 1667 cor-

68 1707 160 1754 pus
196 1690 416 1736 orationis
445 1687 682 1753 exprqffae,
711 1687 795 1751 sed
829 1690 1001 1735 intexto
1042 1689 1234 1753 vestibus
1266 1705 1343 1735 co-

70 1757 160 1804 lore
191 1758 379 1804 niteant.

138 1823 244 1872 Jam
276 1825 417 1889 igitur
447 1839 631 1888 aequam
673 1821 733 1870 de
768 1821 908 1870 Livio
951 1821 1173 1871 videmur
1213 1820 1339 1871 ferre
1355 1836 1546 1880 Iudicium

70 1889 204 1957 posse
237 1890 536 1939 sententiam.
572 1888 696 1937 Tres
729 1891 967 1956 praecipue
1000 1889 1102 1939 sunt
1136 1888 1338 1938 historiae
1357 1902 1401 1940 de
1423 1901 1531 1941 Livii

75 1959 248 2018 dotes,
285 1973 335 2005 ut
366 1975 512 2016 vera,
546 1972 594 2006 ut
626 1955 832 2020 jucunda
853 1995 866 2017 ‚
899 1972 950 2006 ut
979 1958 1103 2007 utilis
1138 1956 1205 2006 sit.
1242 1958 1337 2005 At-
1356 1962 1531 2014 historia.

74 2042 168 2090 que
186 2026 309 2074 adeo
326 2026 411 2072 tria
432 2024 532 2073 sunt
551 2023 757 2072 historici
780 2025 935 2073 officia
959 2062 975 2082 ,
999 2043 1050 2074 ut
1085 2042 1157 2074 res
1192 2025 1345 2091 gestas

74 2110 184 2142 curn
206 2091 301 2142 fide
323 2092 626 2158 repraesentet
647 2130 660 2152 ‚
682 2107 731 2140 ut
758 2094 810 2141 iis
829 2092 1080 2141 tractandis
1106 2094 1348 2159 eloquen-

74 2162 190 2210 tiam
221 2161 471 2221 adhibeat‚
506 2175 556 2208 ut
585 2158 743 2208 hausta
765 2177 823 2209 ex
847 2160 1012 2209 iisdem
1045 2178 1237 2210 morum
1274 2163 1349 2209 in-

76 2227 442 2290 formandorum
476 2230 658 2276 monita
708 2228 758 2275 ὅ(
808 2241 1048 2293 praecepta
1091 2231 1349 2277 narrationi

76 2293 328 2363 inspergat.
358 2295 476 2344 Duo
503 2296 566 2342 ita
598 2293 807 2360 praestitit
837 2295 997 2345 Livius
1018 2333 1032 2355 ,
1065 2310 1115 2344 ut
1138 2295 1170 2344 fi
1192 2299 1350 2345 minus

80 2365 249 2411 ceteris
286 2363 509 2412 omnibus
544 2362 770 2411 dicendus
812 2363 876 2411 est
914 2362 1197 2428 praeripuisse
1244 2365 1350 2429 pal-

81 2447 211 2478 mam
231 2468 245 2490 ,
268 2431 395 2480 certe
419 2431 534 2478 nulli
563 2429 793 2479 secundus
821 2431 985 2479 haberi
1019 2429 1162 2496 poffit
1188 2449 1196 2477 :
1223 2449 1275 2479 ac
1314 2430 1350 2479 fi

80 2496 376 2546 historiarum
406 2496 620 2564 scriptori
651 2496 881 2547 sufficeret
927 2499 1040 2547 utile
1088 2498 1214 2546 dulci
1261 2499 1355 2547 mi-

80 2564 237 2625 scere,
272 2564 434 2614 frustra
462 2565 720 2631 quidquam
754 2564 1006 2631 perfectius
1045 2580 1358 2630 quaereretur.

79 2631 137 2699 &In
166 2631 261 2682 fide
288 2633 482 2699 paulum
510 2634 831 2696 claudicavit,
861 2634 912 2683 ὅ(
946 2634 1139 2748 ὴυῐηὲηὶ
1175 2633 1356 2701 aliquid

164 2703 285 2750 Tom.
311 2702 352 2752 I.
