1668 3078
292 88 438 163 xxxij
527 75 647 148 DE
705 94 1315 180 PONDERIBUS‚

288 185 438 233 quum
472 168 587 220 asses
607 174 843 225 imminuti
873 178 1007 241 sunt,
1043 198 1094 231 ut
1126 203 1303 252 nempe
1328 207 1474 256 grave
1497 209 1563 241 aes

289 253 622 301 opponeretur
657 241 763 291 huic
799 250 977 296 recenti
1011 248 1200 302 leviori.
1231 254 1392 306 Antea
1428 261 1559 308 enim

289 319 437 368 quum
477 309 611 355 unius
649 312 834 375 generis
868 331 930 362 aes
962 315 1110 378 esset,
1143 338 1320 387 nempe
1352 325 1466 374 affes
1498 328 1560 375 li-

284 370 442 421 brales
463 411 477 432 ‚
512 377 707 424 minime
744 379 929 430 necesse
961 399 1061 432 erat
1091 387 1205 436 illud
1236 391 1395 458 aliquo
1424 396 1560 445 velut

282 443 584 506 cognomine
614 443 837 511 insigniri.

356 511 435 555 2⁰.
472 508 663 558 Affibus
692 513 982 565 sextantariis
1011 517 1140 569 factis
1162 543 1359 591 ,quum
1389 546 1561 578 mane-

282 587 359 622 ret
387 575 561 624 eadem
590 578 762 627 horum
792 582 987 646 affium,
1013 605 1116 653 quae
1138 590 1373 644 libralium
1405 597 1560 646 fuerat

283 641 346 688 ad
381 659 633 709 argentum
666 649 786 696 ratio
808 688 824 710 ‚
854 651 1026 701 decem
1061 655 1208 719 affe5‚
1247 659 1345 710 five
1385 663 1560 713 decem

281 711 417 768 aeris,
451 713 500 759 ὅ(
532 712 703 762 decem
728 719 829 765 aeris
846 723 1001 785 gravis
1022 760 1037 782 ‚
1062 726 1243 774 eodem
1263 733 1419 793 pretio
1443 749 1562 781 cen-

280 772 537 839 sebantur‚
568 782 617 828 &
647 785 822 847 pariter
853 788 1096 838 denarium
1131 793 1441 861 designabant
1470 817 1480 847 :
1509 799 1562 848 ὃ(

280 845 546 910 appellatio
584 852 684 897 aeris
729 856 919 918 gravis,
962 859 1127 906 recens
1173 862 1360 913 inve&a
1391 903 1405 924 ,
1444 879 1560 916 tunc

282 915 467 961 tantum
504 915 809 981 usurpabatur
829 958 844 979 ‚
871 921 903 969 fi
934 926 1127 988 quando
1160 927 1317 980 sermo
1355 931 1467 983 effet
1499 936 1561 984 de

281 982 527 1030 veteribus
562 983 730 1032 assibus
770 988 1028 1050 libralibus.

357 1053 436 1112 3⁰.
473 1049 664 1101 Affibus
688 1056 952 1106 uncialibus
982 1058 1113 1109 factis
1138 1100 1152 1123 ‚
1190 1065 1242 1112 &
1279 1067 1463 1116 mutata
1488 1069 1560 1117 as·
1618 1122 1621 1123 ⁷

280 1112 400 1163 fium
434 1118 495 1165 ad
539 1118 785 1169 denarium
812 1126 997 1175 ratione
1019 1166 1033 1188 ,
1071 1129 1317 1194 Romani,
1343 1138 1561 1184 retinen-

281 1181 453 1233 tiffima
489 1190 752 1251 patriorum
785 1190 1104 1244 institutorum
1134 1200 1297 1248 civitas
1319 1240 1332 1262 ,
1358 1203 1559 1253 servasse

281 1251 509 1300 videntur
541 1259 784 1323 antiquam
824 1264 1130 1325 pecuniarum
1179 1267 1560 1320 aestirnandarum

281 1320 553 1381 rationem,
586 1325 633 1371 in
667 1326 722 1372 iis
757 1328 884 1386 certe
918 1347 1021 1395 quae
1051 1332 1240 1397 publice
1271 1334 1439 1386 fierent
1461 1377 1475 1400 ‚
1507 1355 1560 1388 ut

280 1384 327 1432 in
370 1386 648 1439 aestimando
684 1393 862 1442 civium
887 1397 1057 1459 censu,
1089 1401 1135 1447 in
1165 1406 1440 1454 muneribus
1462 1407 1560 1456 do-

281 1452 446 1520 nisqite
478 1455 877 1511 senatusconsulto
922 1463 1125 1515 decretis
1147 1505 1160 1527 ,
1199 1471 1247 1517 in
1283 1473 1558 1540 colligenda

280 1522 469 1571 ratione
489 1529 703 1589 pecuniae
722 1532 893 1593 quaein
919 1535 1168 1601 triumphis
1187 1536 1389 1588 ferretur
1415 1579 1427 1600 ‚
1460 1543 1560 1593 &cz

279 1586 466 1655 Igitur,
502 1610 647 1656 quum
695 1611 806 1645 tunc
835 1599 883 1645 in
929 1599 1009 1649 usu
1052 1609 1295 1654 communi
1348 1607 1556 1659 sedecim

281 1659 383 1705 aeris
411 1660 459 1706 in
492 1660 738 1710 denarium
768 1666 1116 1732 imputarentur
1134 1709 1149 1730 ‚
1181 1675 1230 1720 in
1252 1676 1452 1739 publicis
1477 1695 1558 1725 ra-

279 1725 487 1773 tionibus
529 1729 737 1779 obtinuit
772 1732 941 1782 decem
979 1740 1078 1785 aeris
1115 1739 1302 1806 semper
1333 1761 1421 1807 pro
1461 1746 1555 1793 de·-

279 1794 416 1840 nario
440 1794 606 1845 haberi
625 1835 638 1857 ‚
668 1797 752 1846 sed
779 1800 942 1850 addito
962 1841 976 1863 ,
1006 1807 1214 1854 vitandae
1235 1810 1555 1877 ambiguitatis

281 1862 422 1909 causa
444 1900 458 1921 ‚
487 1881 818 1931 cognomento
847 1874 1018 1936 gravis.
1060 1871 1284 1941 Tumque
1311 1897 1372 1925 aes
1405 1897 1554 1945 grave

277 1943 381 1975 non
413 1928 502 1977 fuit
533 1950 754 1982 nummus
777 1974 794 1994 ,
821 1954 918 1986 non
957 1941 1149 2004 pondus
1193 1945 1442 2008 quoddam
1467 1965 1555 1998 ve-

276 2010 384 2042 rum
417 2001 550 2057 aeris,
588 1999 669 2049 sed
706 2019 892 2052 merum
922 2024 1103 2057 nomen
1131 2047 1145 2068 ‚
1171 2028 1303 2062 mera
1335 2016 1558 2079 appella-

277 2063 349 2109 tio
379 2080 394 2122 3
427 2068 840 2129 quemadmodum
869 2075 998 2139 apud
1029 2094 1118 2124 nos
1149 2081 1327 2138 denies,
1356 2085 1555 2149 pzstole,

279 2131 390 2178 livre
434 2135 689 2195 Toumois,
742 2140 911 2204 quibus
965 2145 1240 2194 nominibus
1288 2149 1460 2198 utimur
1504 2153 1553 2200 in

253 2219 256 2222 ⁴
279 2200 606 2264 concipiendis
634 2208 944 2268 pecuniarum
979 2212 1240 2260 rationibus
1258 2253 1274 2275 ,
1302 2217 1414 2265 licet
1441 2219 1554 2266 nul-

279 2266 350 2313 lus
375 2269 441 2314 eis
481 2270 756 2319 examussim
794 2292 974 2337 aereus,
1006 2295 1258 2345 argenteus
1277 2319 1292 2343 ‚
1323 2285 1555 2336 aureusve

281 2351 503 2383 nummus
538 2336 838 2403 respondeat.

138 2410 214 2451 DE
350 2399 570 2467 Superest
621 2420 670 2453 ut
707 2408 881 2474 aliquid
934 2411 993 2461 de
1028 2414 1253 2464 mensuris
1291 2416 1446 2485 longis
1497 2421 1553 2470 &

77 2482 268 2514 MthU-
284 2470 412 2516 cavis
443 2470 651 2520 breviter
680 2474 967 2526 differamus.
999 2478 1187 2530 Initium
1222 2484 1295 2532 hic
1326 2505 1354 2534 a
1392 2487 1552 2552 pede,

77 2542 177 2576 ms·
283 2538 695 2600 quemadmodum
729 2545 776 2591 in
810 2546 1105 2612 ponderibus
1134 2569 1158 2603 a
1191 2551 1341 2615 libra,
1373 2554 1558 2606 facien-

285 2604 399 2653 dum
440 2606 647 2660 videtur.
