1704 3073
313 122 429 197 364
594 124 649 182 T
693 141 715 181 1
756 141 797 183 τ
840 140 864 182 1
956 128 1003 185 L
1049 143 1072 184 1
1116 143 1163 184 v
1210 144 1233 185 1
1276 145 1301 187 1

108 205 425 268 U,e,31(>,quid
465 199 550 252 fibi
579 205 795 266 vellent,
827 209 1033 274 rogitare
1055 246 1069 269 ‚
1107 210 1187 275 qui
1221 210 1266 259 se
1302 213 1442 258 aetat‘e
1476 221 1597 258 exaa'
1652 239 1655 242 <

110 272 286 322 :nc-430
313 269 385 317 6ὶᾶ
416 285 557 319 tantae
599 273 896 323 dimicationi
938 274 1225 337 objicerent.
1268 276 1398 325 Dein
1443 293 1592 342 quum
1652 288 1657 295 “

314 338 527 404 undique
561 341 663 404 plus
701 344 747 389 in
782 343 865 389 illo
900 342 1030 391 senili
1069 345 1230 392 animo
1276 363 1374 392 non
1412 344 1597 392 consilii

315 406 498 466 modo,
541 407 618 456 sed
658 412 800 458 etiam
836 411 1020 458 virtutis
1053 409 1173 467 esse,
1217 411 1358 478 quem
1396 414 1442 458 in
1478 429 1597 460 om-

315 475 454 522 nibus
484 475 615 536 aliis,
638 477 878 534 dicerent,
904 476 1213 543 laudibusque
1250 479 1374 527 haud
1416 482 1597 528 imme-

313 542 415 589 ritis
461 560 718 591 onerarent
759 582 771 600 ‚
821 545 873 591 ὅ(
920 544 1085 592 consul
1122 546 1235 593 nihil
1288 547 1551 595 remitteret
1578 563 1630 606 ;-

145 619 535 674 Creaturprecatus
580 613 773 659 tande—m
817 606 935 659 debs
986 613 1280 662 immortales
1325 612 1650 676 Cincinna-v]

112 679 281 720 Amator
319 690 390 724 tus
407 715 420 736 ‚
439 694 496 725 ne
521 678 731 725 senefius
751 678 824 725 sua
850 682 894 726 in
917 695 1011 726 tam
1034 682 1230 746 trepidis
1255 681 1392 729 rebus
1410 682 1592 732 damno
1650 735 1652 739 ,

115 741 268 783 Cincin-
319 745 615 793 dedecorive
650 747 921 810 reipublicae
971 743 1123 804 esset,
1170 747 1370 797 d=&ator
1409 768 1434 797 a
1475 768 1598 798 con·
1648 781 1655 786 -

110 816 243 848 Bam·
319 811 415 860 sule
448 812 613 860 dicitur
643 830 656 870 3
691 812 787 876 ipse
826 815 1001 863 deinde
1025 813 1085 865 C.
1106 814 1359 866 Servilium
1388 818 1599 868 Ahalam

317 878 590 945 magistrum
624 883 841 946 equitum
873 883 1002 931 dicit.
1364 881 1367 883 ’
1660 943 1664 946 .

385 946 523 995 Xiv.
559 946 754 996 Postero
782 950 886 1008 die,
925 950 1158 1016 dispositis
1189 951 1413 1018 praefidiis
1446 969 1597 1019 quum

316 1014 365 1062 in
413 1014 570 1063 forum
621 1016 932 1067 descendisset
963 1059 978 1079 ,
1026 1021 1353 1085 conversaque
1398 1022 1444 1068 in
1485 1038 1599 1081 eum
1665 1054 1668 1058 ι

317 1081 463 1149 piebg
485 1085 703 1133 novitate
733 1088 802 1134 rei
844 1104 897 1134 ac
935 1088 1164 1135 miraculo
1203 1088 1349 1148 estet,
1377 1088 1426 1135 &
1467 1088 1600 1136 Mae-

315 1151 428 1199 liani
454 1166 596 1217 atque
626 1151 722 1218 ipse
758 1154 851 1202 dux
882 1172 1050 1202 eorum
1085 1157 1132 1203 in
1163 1155 1207 1204 se
1241 1158 1472 1205 intentam
1496 1158 1600 1205 vim

315 1220 435 1267 tanti
470 1221 658 1285 imperii
697 1237 948 1271 cernerent
982 1240 997 1282 3
1034 1239 1255 1288 expertes
1291 1223 1599 1273 consiliorum

315 1287 492 1354 regni,
539 1289 619 1353 qui
667 1290 896 1337 tumultus
921 1327 933 1348 ‚
982 1291 1115 1356 quod
1159 1292 1335 1339 beilum
1375 1308 1549 1357 repens
1581 1329 1597 1351 ‚

314 1372 396 1403 aut
428 1353 724 1404 difflatoriam
753 1355 1080 1420 majestatem,
1116 1375 1195 1406 aut
1215 1359 1471 1423 Quintium
1491 1358 1603 1425 post

316 1422 664 1490 o&ogefimum
687 1443 863 1472 annum
894 1425 1128 1475 restorem
1157 1427 1429 1492 reipublicae
1458 1445 1600 1493 quae-

317 1490 471 1550 sisset,
498 1494 762 1558 rogitarent
793 1489 976 1540 :missus
1013 1493 1072 1541 ab
1110 1493 1340 1543 diciatore
1368 1493 1600 1544 Servilius

147 1558 541 1626 Maeliusmagister
581 1560 798 1626 equitum
833 1560 892 1608 ad
927 1561 1143 1611 Maelium
1167 1602 1180 1623 ‚
1216 1566 1361 1612 Vocat
1391 1578 1433 1611 te
1462 1601 1482 1624 ,
1522 1564 1602 1610 in·-

112 1629 261 1670 occidi-
323 1631 456 1694 quit,
491 1630 692 1677 diffator.
730 1628 900 1693 Quum
946 1631 1149 1695 pavidus
1185 1631 1299 1691 ilie,
1337 1632 1452 1696 quid
1492 1631 1603 1680 vel-

112 1702 193 1734 lus·
320 1696 389 1745 let
409 1733 424 1755 ‚
452 1710 686 1761 quaereret
713 1713 727 1755 ;
758 1697 1078 1765 Serviliusque
1113 1700 1296 1748 causam
1341 1697 1601 1747 dicendam

323 1763 417 1813 effe
455 1770 753 1830 proponeret
777 1804 789 1822 ‚
827 1767 1105 1831 crimenque
1144 1785 1170 1815 a
1208 1766 1425 1814 Minucio
1460 1766 1601 1814 dela-

323 1846 426 1880 tum
467 1833 526 1880 ad
558 1831 772 1881 senatum
808 1833 1120 1882 diluendum:
1154 1850 1266 1882 runc
1302 1834 1489 1882 Maelius
1528 1850 1604 1882 re-

325 1901 486 1966 cipere
518 1899 563 1948 se
595 1901 645 1948 in
674 1916 917 1950 catervam
941 1901 1130 1950 suorum
1157 1920 1172 1962 3
1196 1903 1243 1951 &
1277 1904 1482 1967 primum
1515 1903 1606 1950 cir-

324 1967 651 2034 cumspecians
674 1969 1008 2035 tergiversari3
1047 1969 1287 2036 postremo
1325 1987 1471 2034 quum
1507 1987 1605 2035 ap·-

322 2038 503 2102 paritor
535 2034 651 2100 juffu
700 2037 906 2104 magistri
938 2041 1155 2104 equiturn
1202 2037 1445 2098 duceret,
1496 2053 1605 2087 ere-

323 2118 435 2171 ptus
487 2122 514 2152 a
560 2105 967 2153 circumstantibus
1004 2143 1018 2165 ,
1073 2104 1353 2172 fugiensque
1383 2141 1398 2165 ,
1455 2103 1604 2154 fidem

323 2171 480 2238 plebis
511 2170 744 2220 Romanae
781 2173 1040 2239 implorare
1062 2211 1077 2233 ‚
1104 2174 1153 2221 ὃ(
1177 2174 1388 2238 opprimi
1417 2172 1462 2221 se
1488 2190 1607 2221 con-

325 2239 460 2288 sensu
495 2237 686 2288 Patrum
722 2240 908 2301 dicere,
950 2242 1080 2307 quod
1122 2242 1251 2306 plebi
1284 2241 1490 2305 benigne
1524 2240 1606 2297 fef·

328 2305 677 2368 ciffet:orat·e‚
712 2322 763 2356 ut
798 2326 943 2374 opem
980 2308 1062 2356 fibi
1095 2310 1265 2356 ultimo
1292 2309 1337 2355 in
1375 2307 1609 2356 discrimi-

328 2393 391 2424 ne
427 2373 640 2435 ferrent,
671 2392 798 2424 neve
831 2392 940 2425 ante
977 2377 1144 2424 oculos
1178 2375 1282 2424 suos
1306 2376 1525 2423 trucidari
1546 2375 1606 2424 fi-

329 2458 518 2492 nerent.
536 2442 654 2491 Haec
670 2459 779 2491 eum
799 2443 1146 2493 vociferantem
1163 2441 1430 2509 assequutus
1451 2443 1609 2493 Ahala
1669 2454 1674 2460 '

330 2510 558 2560 Servilius
602 2511 895 2560 obtruncat:
931 2509 1254 2576 respersusque
1292 2527 1460 2559 cruore
1509 2511 1604 2559 ob-

329 2580 569 2643 truncati,
617 2578 809 2643 stipatus
855 2581 1051 2627 catervii
1096 2580 1406 2645 patriciorum
1458 2577 1606 2640 juve-

327 2651 446 2697 num
471 2684 486 2708 ,
530 2644 749 2700 difi’tatori
788 2648 1027 2697 renuntiat
1054 2684 1072 2709 ,
1121 2662 1354 2700 vocatum
1387 2645 1449 2696 ad
1492 2661 1606 2698 eum
